1984 3342
218 241 300 292 ntur.
319 241 457 290 onoma
477 241 539 290 HR.
558 241 602 290 xl.
622 243 642 290 i.
789 233 832 294 88

33 389 74 450 illi
100 391 170 452 ritis
203 391 312 454 dieunt.
348 391 462 452 ,Verba
494 409 609 470 quoque
634 392 830 468 exquisitim,

31 499 60 548 et
87 489 258 565 oompositio
284 507 437 548 numerosa
462 490 514 548 tali
538 490 685 567 proposito
709 490 830 550 diversa

31 586 79 644 34.
100 584 171 644 Non
184 585 260 644 suim
275 586 336 645 sola
349 584 399 644 illa
411 585 533 658 laetiora,
546 586 642 662 qualia
655 606 673 646 a
685 586 831 646 Cicerone

31 683 177 754 diouutur,
192 682 273 742 Sauo
286 691 370 760 otpuo
383 681 550 740 solitudines
562 683 625 742 oooi
643 683 829 760 respondenti

31 777 81 836 sed
108 777 197 840 etiam
223 777 281 849 illa,
302 797 465 853 quanquam
484 778 571 854 plena
589 779 748 856 sanguinis,
775 779 830 838 Vos

30 873 101 932 enim
111 872 189 949 jam,
203 873 313 932 Albani
333 875 433 932 tumuli
453 883 538 951 atque
551 875 619 944 luci,
633 895 691 948 vos,
703 877 830 953 mptum,

30 969 148 1046 imploro
168 979 252 1047 atque
271 979 367 1042 testor,
388 990 499 1048 uosque,
521 971 699 1030 Attanum
723 972 831 1031 dno·

31 1085 102 1138 orca,
116 1085 261 1126 sacrorum
275 1067 379 1144 populi
391 1066 521 1126 Romani
539 1068 623 1125 sosio
640 1076 669 1126 at
688 1069 831 1145 equolm

30 1180 88 1220 non
103 1163 276 1220 eonveniant
290 1163 385 1222 barbe
399 1163 440 1220 illi
454 1173 540 1238 atque
549 1163 681 1222 tristitia.
720 1165 768 1222 35.
789 1164 832 1225 Aa

29 1259 71 1316 vir
100 1257 204 1330 mritis,
225 1277 348 1335 vereque
367 1260 490 1336 sapiens,
512 1259 563 1335 qui
588 1277 620 1317 se
645 1278 705 1318 non
730 1259 832 1319 otiosis

29 1354 282 1432 disputationibus,
308 1356 360 1414 aad
394 1354 633 1414 administrationi
665 1355 832 1432 reipublice

29 1450 182 1519 dediderit,
205 1471 221 1510 a
240 1471 297 1527 qua
322 1451 490 1530 longissime
515 1451 574 1523 isti,
593 1451 644 1527 qui
669 1451 833 1529 philosophi

29 1557 180 1619 vocantur,
194 1559 383 1619 recesserunt,
398 1548 506 1620 omnia,
521 1567 585 1623 quae
599 1548 634 1606 ad
648 1548 832 1608 efficiendum

29 1644 170 1715 oratione,
192 1644 269 1719 quod
288 1645 477 1720 proposuerit,
492 1645 598 1718 valent,
611 1645 733 1704 libenter
754 1645 833 1704 adhi-

30 1740 126 1800 babit:
149 1759 216 1798 oum
235 1741 324 1818 prius,
338 1740 415 1816 quod
435 1741 587 1800 honestum
607 1743 654 1813 sit,
667 1743 782 1801 edicere
801 1743 832 1802 in

30 1837 128 1896 animo
148 1855 201 1894 auo
222 1838 409 1896 constituerit.
450 1839 498 1896 36.
519 1837 572 1896 Est
591 1839 669 1914 quod
687 1838 833 1916 principes

30 1933 142 2004 domat,
166 1932 228 1992 aliis
254 1952 312 1992 non
340 1933 528 1992 oonoesseris.
568 1934 777 2010 Imperatorum
796 1953 833 1992 ao

29 2029 247 2105 triumphalium
275 2039 404 2105 separata
423 2040 467 2088 est
487 2031 583 2105 aliqua
602 2049 640 2088 ex
657 2041 738 2106 parte
757 2031 833 2090 ratio

30 2125 222 2201 eloquentiae:
243 2127 319 2184 siout
338 2125 493 2202 Pompeius
513 2126 626 2183 abunde
645 2126 770 2184 dumus
788 2145 832 2184 re-

27 2241 94 2278 rum
109 2241 226 2280 suarum
247 2232 392 2281 narrator:
413 2232 442 2280 et
462 2222 521 2289 hio,
535 2221 586 2297 qui
605 2221 682 2280 bello
701 2222 780 2280 oiviii
799 2241 833 2280 se

29 2319 186 2390 interiecit,
201 2319 275 2376 Cato
288 2319 425 2395 eloquens
444 2330 559 2378 senator
579 2318 640 2376 fuit
680 2318 728 2376 37.
749 2318 832 2378 Idem

27 2414 142 2474 dietum
157 2433 232 2490 saepe
247 2415 276 2472 in
292 2415 347 2473 alio
360 2415 492 2486 liberum,
507 2415 538 2472 in
559 2415 617 2472 alio
637 2414 786 2487 furiosum,
800 2415 832 2474 in

28 2510 89 2568 aiio
102 2511 257 2585 superbum
277 2521 327 2569 est.
368 2511 466 2568 Verba
486 2511 620 2570 adversus
640 2511 833 2588 Agamemno·

26 2626 100 2668 nem
114 2626 132 2680 a
144 2607 279 2666 Thersite
292 2607 390 2666 habita
402 2607 545 2666 ridentur:
566 2607 604 2666 da
616 2607 667 2667 illa
684 2606 831 2681 Diomedi,

28 2705 119 2762 aliive
140 2703 188 2760 oui
207 2703 280 2779 pari,
301 2721 437 2780 magnum
464 2704 591 2763 animum
617 2705 691 2764 ferre
715 2723 774 2781 praa
799 2723 833 2764 se

26 2799 214 2858 videbuntur.
256 2799 325 2874 Ego
352 2808 378 2858 to
404 2801 540 2861 consulem
553 2809 661 2877 pateo,
682 2800 777 2875 inquit
795 2801 830 2859 Is

27 2897 158 2954 Crassus
170 2895 382 2971 Philippo,aum
396 2905 428 2954 tu
441 2917 482 2954 me
494 2905 644 2972 mapulas
653 2898 829 2954 morem?

27 2991 100 3050 Vox
120 2988 326 3066 honestissimae
352 2989 510 3059 libertatis3
535 3007 594 3046 non
619 2999 716 3046 umen
742 2986 831 3043 serres
