<?xml version="1.0" encoding="UTF-8"?>
<!DOCTYPE html PUBLIC "-//W3C//DTD XHTML 1.0 Transitional//EN"
    "http://www.w3.org/TR/xhtml1/DTD/xhtml1-transitional.dtd">
<html xmlns="http://www.w3.org/1999/xhtml" xml:lang="en" lang="en">
 <head>
  <title>
</title>
<meta http-equiv="Content-Type" content="text/html;charset=utf-8" />
  <meta name='ocr-system' content='tesseract 3.04.00' />
  <meta name='ocr-capabilities' content='ocr_page ocr_carea ocr_par ocr_line ocrx_word'/>
</head>
<body>
  <div class='ocr_page' id='page_1' title='image "./mfabiiquintilia01dillgoog_0149.png"; bbox 0 0 1984 3342; ppageno 0'>
   <div class='ocr_carea' id='block_1_1' title="bbox 239 238 845 302">
    <p class='ocr_par' dir='ltr' id='par_1_1' title="bbox 239 238 845 302">
     <span class='ocr_line' id='line_1_1' title="bbox 239 238 845 302; baseline 0.007 -8"><span class='ocrx_word' id='word_1_1' title='bbox 239 243 558 302; x_wconf 65' lang='lat' dir='ltr'>monuments.</span> <span class='ocrx_word' id='word_1_2' title='bbox 579 247 662 294; x_wconf 73' lang='lat' dir='ltr'>xrs</span> <span class='ocrx_word' id='word_1_3' title='bbox 790 238 845 298; x_wconf 77' lang='lat'>141</span> 
     </span>
    </p>
   </div>
   <div class='ocr_carea' id='block_1_2' title="bbox 42 391 847 2589">
    <p class='ocr_par' dir='ltr' id='par_1_2' title="bbox 42 391 847 2589">
     <span class='ocr_line' id='line_1_2' title="bbox 45 391 847 469; baseline 0.007 -19"><span class='ocrx_word' id='word_1_4' title='bbox 45 391 144 468; x_wconf 77' lang='lat' dir='ltr'>pigra,</span> <span class='ocrx_word' id='word_1_5' title='bbox 159 401 187 450; x_wconf 91' lang='lat' dir='ltr'>et</span> <span class='ocrx_word' id='word_1_6' title='bbox 207 392 327 469; x_wconf 78' lang='lat' dir='ltr'>trepida,</span> <span class='ocrx_word' id='word_1_7' title='bbox 341 403 370 452; x_wconf 86' lang='lat' dir='ltr'>st</span> <span class='ocrx_word' id='word_1_8' title='bbox 389 395 500 454; x_wconf 77' lang='lat' dir='ltr'>secanti</span> <span class='ocrx_word' id='word_1_9' title='bbox 519 395 637 454; x_wconf 84' lang='lat' dir='ltr'>similis:</span> <span class='ocrx_word' id='word_1_10' title='bbox 657 395 743 458; x_wconf 84' lang='lat' dir='ltr'>etiam</span> <span class='ocrx_word' id='word_1_11' title='bbox 763 395 847 456; x_wconf 81' lang='lat' dir='ltr'>uncis</span> 
     </span>
     <span class='ocr_line' id='line_1_3' title="bbox 46 487 847 567; baseline 0.01 -22"><span class='ocrx_word' id='word_1_12' title='bbox 46 487 161 564; x_wconf 77' lang='lat' dir='ltr'>digitis,</span> <span class='ocrx_word' id='word_1_13' title='bbox 183 499 231 546; x_wconf 79' lang='lat' dir='ltr'>aut</span> <span class='ocrx_word' id='word_1_14' title='bbox 258 489 352 566; x_wconf 74' lang='lat' dir='ltr'>eapite</span> <span class='ocrx_word' id='word_1_15' title='bbox 378 491 538 567; x_wconf 81' lang='lat' dir='ltr'>dejioiutur‚</span> <span class='ocrx_word' id='word_1_16' title='bbox 560 502 609 550; x_wconf 82' lang='lat' dir='ltr'>aut</span> <span class='ocrx_word' id='word_1_17' title='bbox 635 492 734 561; x_wconf 76' lang='lat' dir='ltr'>eudem</span> <span class='ocrx_word' id='word_1_18' title='bbox 760 511 847 553; x_wconf 85' lang='lat' dir='ltr'>manu</span> 
     </span>
     <span class='ocr_line' id='line_1_4' title="bbox 45 584 845 662; baseline 0.006 -20"><span class='ocrx_word' id='word_1_19' title='bbox 45 584 185 659; x_wconf 70' lang='lat' dir='ltr'>supinata</span> <span class='ocrx_word' id='word_1_20' title='bbox 195 585 224 644; x_wconf 89' lang='lat' dir='ltr'>in</span> <span class='ocrx_word' id='word_1_21' title='bbox 239 587 385 661; x_wconf 73' lang='lat' dir='ltr'>superiora</span> <span class='ocrx_word' id='word_1_22' title='bbox 396 587 528 662; x_wconf 79' lang='lat' dir='ltr'>jactetur.</span> <span class='ocrx_word' id='word_1_23' title='bbox 568 587 618 646; x_wconf 79' lang='lat' dir='ltr'>Fit</span> <span class='ocrx_word' id='word_1_24' title='bbox 627 588 712 647; x_wconf 83' lang='lat' dir='ltr'>etille</span> <span class='ocrx_word' id='word_1_25' title='bbox 722 589 845 661; x_wconf 78' lang='lat' dir='ltr'>habitus,</span> 
     </span>
     <span class='ocr_line' id='line_1_5' title="bbox 45 680 846 760; baseline 0.012 -24"><span class='ocrx_word' id='word_1_26' title='bbox 45 680 99 754; x_wconf 87' lang='lat' dir='ltr'>qni</span> <span class='ocrx_word' id='word_1_27' title='bbox 113 699 178 738; x_wconf 77' lang='lat' dir='ltr'>ense</span> <span class='ocrx_word' id='word_1_28' title='bbox 192 681 221 738; x_wconf 88' lang='lat' dir='ltr'>in</span> <span class='ocrx_word' id='word_1_29' title='bbox 235 683 336 740; x_wconf 79' lang='lat' dir='ltr'><strong>statuis</strong></span> <span class='ocrx_word' id='word_1_30' title='bbox 353 683 518 758; x_wconf 71' lang='lat' dir='ltr'>pacificator</span> <span class='ocrx_word' id='word_1_31' title='bbox 538 684 620 756; x_wconf 86' lang='lat' dir='ltr'>solet,</span> <span class='ocrx_word' id='word_1_32' title='bbox 634 686 693 760; x_wconf 92' lang='lat' dir='ltr'>qui,</span> <span class='ocrx_word' id='word_1_33' title='bbox 709 685 846 746; x_wconf 77' lang='lat' dir='ltr'>inclinato</span> 
     </span>
     <span class='ocr_line' id='line_1_6' title="bbox 47 775 846 855; baseline 0.008 -21"><span class='ocrx_word' id='word_1_34' title='bbox 47 777 79 834; x_wconf 87' lang='lat' dir='ltr'>in</span> <span class='ocrx_word' id='word_1_35' title='bbox 107 775 259 846; x_wconf 73' lang='lat' dir='ltr'>humerum</span> <span class='ocrx_word' id='word_1_36' title='bbox 286 779 416 836; x_wconf 78' lang='lat' dir='ltr'>doxtrum</span> <span class='ocrx_word' id='word_1_37' title='bbox 444 780 547 855; x_wconf 77' lang='lat' dir='ltr'>eapite,</span> <span class='ocrx_word' id='word_1_38' title='bbox 568 780 687 840; x_wconf 79' lang='lat' dir='ltr'>brachio</span> <span class='ocrx_word' id='word_1_39' title='bbox 714 783 750 840; x_wconf 85' lang='lat' dir='ltr'>ab</span> <span class='ocrx_word' id='word_1_40' title='bbox 777 801 846 846; x_wconf 84' lang='lat' dir='ltr'>aure</span> 
     </span>
     <span class='ocr_line' id='line_1_7' title="bbox 47 875 845 956; baseline 0.009 -26"><span class='ocrx_word' id='word_1_41' title='bbox 47 883 196 950; x_wconf 84' lang='lat' dir='ltr'>protenso,</span> <span class='ocrx_word' id='word_1_42' title='bbox 223 893 339 934; x_wconf 79' lang='lat' dir='ltr'>menum</span> <span class='ocrx_word' id='word_1_43' title='bbox 366 875 468 934; x_wconf 86' lang='lat' dir='ltr'>infesto</span> <span class='ocrx_word' id='word_1_44' title='bbox 493 877 599 952; x_wconf 84' lang='lat' dir='ltr'>pollice</span> <span class='ocrx_word' id='word_1_45' title='bbox 624 878 767 944; x_wconf 81' lang='lat' dir='ltr'>extendit:</span> <span class='ocrx_word' id='word_1_46' title='bbox 796 876 845 956; x_wconf 90' lang='lat' dir='ltr'>qui</span> 
     </span>
     <span class='ocr_line' id='line_1_8' title="bbox 46 971 845 1048; baseline 0.004 -18"><span class='ocrx_word' id='word_1_47' title='bbox 46 971 168 1045; x_wconf 79' lang='lat' dir='ltr'>quidem</span> <span class='ocrx_word' id='word_1_48' title='bbox 180 971 303 1030; x_wconf 80' lang='lat' dir='ltr'>maxime</span> <span class='ocrx_word' id='word_1_49' title='bbox 322 971 416 1047; x_wconf 79' lang='lat' dir='ltr'>placet</span> <span class='ocrx_word' id='word_1_50' title='bbox 436 972 481 1043; x_wconf 89' lang='lat' dir='ltr'>iis,</span> <span class='ocrx_word' id='word_1_51' title='bbox 496 973 545 1048; x_wconf 88' lang='lat' dir='ltr'>qui</span> <span class='ocrx_word' id='word_1_52' title='bbox 564 991 595 1030; x_wconf 88' lang='lat' dir='ltr'>se</span> <span class='ocrx_word' id='word_1_53' title='bbox 615 973 712 1031; x_wconf 76' lang='lat' dir='ltr'>dicere</span> <span class='ocrx_word' id='word_1_54' title='bbox 731 975 845 1034; x_wconf 82' lang='lat' dir='ltr'>sublata</span> 
     </span>
     <span class='ocr_line' id='line_1_9' title="bbox 46 1067 845 1145; baseline 0.009 -21"><span class='ocrx_word' id='word_1_55' title='bbox 46 1086 135 1124; x_wconf 71' lang='lat' dir='ltr'>amru</span> <span class='ocrx_word' id='word_1_56' title='bbox 154 1067 271 1142; x_wconf 69' lang='lat' dir='ltr'>instant</span> <span class='ocrx_word' id='word_1_57' title='bbox 315 1069 380 1127; x_wconf 78' lang='lat'>120.</span> <span class='ocrx_word' id='word_1_58' title='bbox 402 1069 533 1144; x_wconf 81' lang='lat' dir='ltr'>Adjiolns</span> <span class='ocrx_word' id='word_1_59' title='bbox 552 1069 621 1126; x_wconf 76' lang='lat' dir='ltr'>lieet</span> <span class='ocrx_word' id='word_1_60' title='bbox 640 1087 699 1140; x_wconf 86' lang='lat' dir='ltr'>eos,</span> <span class='ocrx_word' id='word_1_61' title='bbox 714 1071 763 1145; x_wconf 89' lang='lat' dir='ltr'>qui</span> <span class='ocrx_word' id='word_1_62' title='bbox 782 1090 845 1131; x_wconf 81' lang='lat' dir='ltr'>sen·</span> 
     </span>
     <span class='ocr_line' id='line_1_10' title="bbox 45 1163 844 1242; baseline 0.01 -22"><span class='ocrx_word' id='word_1_63' title='bbox 45 1163 155 1225; x_wconf 72' lang='lat' dir='ltr'>tentiae</span> <span class='ocrx_word' id='word_1_64' title='bbox 187 1164 330 1227; x_wconf 82' lang='lat' dir='ltr'>vibrantes</span> <span class='ocrx_word' id='word_1_65' title='bbox 356 1165 454 1242; x_wconf 82' lang='lat' dir='ltr'>digitis</span> <span class='ocrx_word' id='word_1_66' title='bbox 483 1166 656 1241; x_wconf 75' lang='lat' dir='ltr'>jaculentur,</span> <span class='ocrx_word' id='word_1_67' title='bbox 684 1175 732 1224; x_wconf 85' lang='lat' dir='ltr'>aut</span> <span class='ocrx_word' id='word_1_68' title='bbox 757 1186 844 1228; x_wconf 79' lang='lat' dir='ltr'>manu</span> 
     </span>
     <span class='ocr_line' id='line_1_11' title="bbox 44 1260 844 1338; baseline 0.003 -20"><span class='ocrx_word' id='word_1_69' title='bbox 44 1261 163 1321; x_wconf 79' lang='lat' dir='ltr'>subluto</span> <span class='ocrx_word' id='word_1_70' title='bbox 195 1260 381 1333; x_wconf 80' lang='lat' dir='ltr'>denunoiant,</span> <span class='ocrx_word' id='word_1_71' title='bbox 409 1271 466 1334; x_wconf 79' lang='lat' dir='ltr'>ant,</span> <span class='ocrx_word' id='word_1_72' title='bbox 494 1261 571 1337; x_wconf 88' lang='lat' dir='ltr'>qnod</span> <span class='ocrx_word' id='word_1_73' title='bbox 597 1280 647 1338; x_wconf 87' lang='lat' dir='ltr'>per</span> <span class='ocrx_word' id='word_1_74' title='bbox 672 1279 705 1319; x_wconf 84' lang='lat' dir='ltr'>so</span> <span class='ocrx_word' id='word_1_75' title='bbox 730 1261 844 1327; x_wconf 81' lang='lat' dir='ltr'>interim</span> 
     </span>
     <span class='ocr_line' id='line_1_12' title="bbox 42 1355 845 1434; baseline 0.007 -20"><span class='ocrx_word' id='word_1_76' title='bbox 42 1355 247 1432; x_wconf 78' lang='lat' dir='ltr'>reeipiendum</span> <span class='ocrx_word' id='word_1_77' title='bbox 267 1367 320 1428; x_wconf 88' lang='lat' dir='ltr'>est,</span> <span class='ocrx_word' id='word_1_78' title='bbox 335 1357 446 1433; x_wconf 87' lang='lat' dir='ltr'>quoties</span> <span class='ocrx_word' id='word_1_79' title='bbox 467 1355 573 1432; x_wconf 83' lang='lat' dir='ltr'>aliquid</span> <span class='ocrx_word' id='word_1_80' title='bbox 595 1357 663 1434; x_wconf 86' lang='lat' dir='ltr'>ipsis</span> <span class='ocrx_word' id='word_1_81' title='bbox 682 1357 800 1433; x_wconf 76' lang='lat' dir='ltr'><strong>placuit,</strong></span> <span class='ocrx_word' id='word_1_82' title='bbox 814 1359 845 1420; x_wconf 83' lang='lat' dir='ltr'>in</span> 
     </span>
     <span class='ocr_line' id='line_1_13' title="bbox 44 1453 845 1532; baseline 0.004 -22"><span class='ocrx_word' id='word_1_83' title='bbox 44 1471 163 1530; x_wconf 81' lang='lat' dir='ltr'>ungnes</span> <span class='ocrx_word' id='word_1_84' title='bbox 182 1453 346 1532; x_wconf 83' lang='lat' dir='ltr'>eriguntur:</span> <span class='ocrx_word' id='word_1_85' title='bbox 375 1453 425 1512; x_wconf 81' lang='lat' dir='ltr'>sed</span> <span class='ocrx_word' id='word_1_86' title='bbox 445 1453 579 1510; x_wconf 85' lang='lat' dir='ltr'>vitiosum</span> <span class='ocrx_word' id='word_1_87' title='bbox 598 1454 627 1511; x_wconf 88' lang='lat' dir='ltr'>id</span> <span class='ocrx_word' id='word_1_88' title='bbox 654 1453 774 1525; x_wconf 78' lang='lat' dir='ltr'>faciunt,</span> <span class='ocrx_word' id='word_1_89' title='bbox 795 1465 845 1521; x_wconf 80' lang='lat' dir='ltr'>sut</span> 
     </span>
     <span class='ocr_line' id='line_1_14' title="bbox 44 1548 844 1626; baseline 0.005 -20"><span class='ocrx_word' id='word_1_90' title='bbox 44 1548 149 1626; x_wconf 80' lang='lat' dir='ltr'>digito,</span> <span class='ocrx_word' id='word_1_91' title='bbox 177 1559 315 1623; x_wconf 76' lang='lat' dir='ltr'><strong>quantum</strong></span> <span class='ocrx_word' id='word_1_92' title='bbox 340 1549 493 1626; x_wconf 88' lang='lat' dir='ltr'>plurimum</span> <span class='ocrx_word' id='word_1_93' title='bbox 519 1559 647 1625; x_wconf 76' lang='lat' dir='ltr'><strong>possunt,</strong></span> <span class='ocrx_word' id='word_1_94' title='bbox 668 1560 774 1625; x_wconf 76' lang='lat' dir='ltr'>erecto,</span> <span class='ocrx_word' id='word_1_95' title='bbox 796 1561 844 1619; x_wconf 82' lang='lat' dir='ltr'>out</span> 
     </span>
     <span class='ocr_line' id='line_1_15' title="bbox 43 1644 845 1722; baseline 0.001 -18"><span class='ocrx_word' id='word_1_96' title='bbox 43 1646 135 1705; x_wconf 77' lang='lat' dir='ltr'>etiam</span> <span class='ocrx_word' id='word_1_97' title='bbox 155 1644 276 1716; x_wconf 83' lang='lat' dir='ltr'>duobus,</span> <span class='ocrx_word' id='word_1_98' title='bbox 291 1655 339 1704; x_wconf 84' lang='lat' dir='ltr'>aut</span> <span class='ocrx_word' id='word_1_99' title='bbox 360 1656 478 1722; x_wconf 82' lang='lat' dir='ltr'>utreque</span> <span class='ocrx_word' id='word_1_100' title='bbox 498 1664 585 1704; x_wconf 82' lang='lat' dir='ltr'>manu</span> <span class='ocrx_word' id='word_1_101' title='bbox 605 1646 775 1707; x_wconf 82' lang='lat' dir='ltr'><strong>admodum</strong></span> <span class='ocrx_word' id='word_1_102' title='bbox 795 1647 845 1706; x_wconf 83' lang='lat' dir='ltr'>nli·</span> 
     </span>
     <span class='ocr_line' id='line_1_16' title="bbox 42 1741 844 1824; baseline 0.006 -24"><span class='ocrx_word' id='word_1_103' title='bbox 42 1741 116 1817; x_wconf 72' lang='lat' dir='ltr'>quid</span> <span class='ocrx_word' id='word_1_104' title='bbox 139 1741 312 1816; x_wconf 85' lang='lat' dir='ltr'>portantium</span> <span class='ocrx_word' id='word_1_105' title='bbox 333 1743 499 1818; x_wconf 80' lang='lat' dir='ltr'>composita.</span> <span class='ocrx_word' id='word_1_106' title='bbox 542 1743 606 1802; x_wconf 81' lang='lat'>121.</span> <span class='ocrx_word' id='word_1_107' title='bbox 628 1743 684 1802; x_wconf 86' lang='lat' dir='ltr'>His</span> <span class='ocrx_word' id='word_1_108' title='bbox 704 1745 844 1824; x_wconf 81' lang='lat' dir='ltr'>secedunt</span> 
     </span>
     <span class='ocr_line' id='line_1_17' title="bbox 46 1838 843 1915; baseline 0.01 -19"><span class='ocrx_word' id='word_1_109' title='bbox 46 1838 117 1898; x_wconf 83' lang='lat' dir='ltr'>sitia</span> <span class='ocrx_word' id='word_1_110' title='bbox 129 1856 189 1898; x_wconf 85' lang='lat' dir='ltr'>non</span> <span class='ocrx_word' id='word_1_111' title='bbox 202 1848 320 1910; x_wconf 68' lang='lat' dir='ltr'>nature,</span> <span class='ocrx_word' id='word_1_112' title='bbox 335 1839 385 1896; x_wconf 88' lang='lat' dir='ltr'>sed</span> <span class='ocrx_word' id='word_1_113' title='bbox 398 1839 606 1915; x_wconf 79' lang='lat' dir='ltr'>trepidationis,</span> <span class='ocrx_word' id='word_1_114' title='bbox 620 1859 685 1898; x_wconf 84' lang='lat' dir='ltr'>eum</span> <span class='ocrx_word' id='word_1_115' title='bbox 706 1860 756 1900; x_wconf 88' lang='lat' dir='ltr'>ore</span> <span class='ocrx_word' id='word_1_116' title='bbox 776 1862 843 1911; x_wconf 57' lang='lat' dir='ltr'>nour</span> 
     </span>
     <span class='ocr_line' id='line_1_18' title="bbox 45 1935 842 2016; baseline 0.003 -22"><span class='ocrx_word' id='word_1_117' title='bbox 45 1945 182 1997; x_wconf 76' lang='lat' dir='ltr'>surrento</span> <span class='ocrx_word' id='word_1_118' title='bbox 195 1935 298 2007; x_wconf 79' lang='lat' dir='ltr'>rixari3</span> <span class='ocrx_word' id='word_1_119' title='bbox 320 1935 344 1994; x_wconf 86' lang='lat' dir='ltr'>si</span> <span class='ocrx_word' id='word_1_120' title='bbox 358 1937 496 1994; x_wconf 84' lang='lat' dir='ltr'>memoria</span> <span class='ocrx_word' id='word_1_121' title='bbox 510 1937 650 2008; x_wconf 77' lang='lat' dir='ltr'>fefellerit,</span> <span class='ocrx_word' id='word_1_122' title='bbox 666 1948 715 1996; x_wconf 85' lang='lat' dir='ltr'>aut</span> <span class='ocrx_word' id='word_1_123' title='bbox 734 1939 842 2016; x_wconf 77' lang='lat' dir='ltr'>eogita-</span> 
     </span>
     <span class='ocr_line' id='line_1_19' title="bbox 45 2032 843 2108; baseline 0.001 -17"><span class='ocrx_word' id='word_1_124' title='bbox 45 2034 87 2092; x_wconf 87' lang='lat' dir='ltr'>tio</span> <span class='ocrx_word' id='word_1_125' title='bbox 101 2051 162 2092; x_wconf 87' lang='lat' dir='ltr'>non</span> <span class='ocrx_word' id='word_1_126' title='bbox 175 2033 353 2108; x_wconf 82' lang='lat' dir='ltr'>suffragetur,</span> <span class='ocrx_word' id='word_1_127' title='bbox 369 2032 449 2106; x_wconf 84' lang='lat' dir='ltr'>quasi</span> <span class='ocrx_word' id='word_1_128' title='bbox 464 2032 595 2089; x_wconf 83' lang='lat' dir='ltr'>lauoibus</span> <span class='ocrx_word' id='word_1_129' title='bbox 609 2033 715 2108; x_wconf 79' lang='lat' dir='ltr'>aliquid</span> <span class='ocrx_word' id='word_1_130' title='bbox 729 2035 843 2095; x_wconf 81' lang='lat' dir='ltr'>obstito·</span> 
     </span>
     <span class='ocr_line' id='line_1_20' title="bbox 46 2129 842 2205; baseline 0.001 -17"><span class='ocrx_word' id='word_1_131' title='bbox 46 2130 83 2188; x_wconf 89' lang='lat' dir='ltr'>rit</span> <span class='ocrx_word' id='word_1_132' title='bbox 105 2129 254 2205; x_wconf 76' lang='lat' dir='ltr'>insonare3</span> <span class='ocrx_word' id='word_1_133' title='bbox 277 2129 306 2186; x_wconf 92' lang='lat' dir='ltr'>in</span> <span class='ocrx_word' id='word_1_134' title='bbox 328 2129 607 2204; x_wconf 75' lang='lat' dir='ltr'>adversum&#39;tergere</span> <span class='ocrx_word' id='word_1_135' title='bbox 626 2146 725 2198; x_wconf 85' lang='lat' dir='ltr'>nares;</span> <span class='ocrx_word' id='word_1_136' title='bbox 746 2129 842 2189; x_wconf 80' lang='lat' dir='ltr'>oban-</span> 
     </span>
     <span class='ocr_line' id='line_1_21' title="bbox 46 2223 841 2300; baseline -0.005 -14"><span class='ocrx_word' id='word_1_137' title='bbox 46 2226 147 2286; x_wconf 82' lang='lat' dir='ltr'>bulare</span> <span class='ocrx_word' id='word_1_138' title='bbox 173 2244 305 2284; x_wconf 82' lang='lat' dir='ltr'>sermone</span> <span class='ocrx_word' id='word_1_139' title='bbox 333 2224 515 2300; x_wconf 77' lang='lat' dir='ltr'>imperse0t03</span> <span class='ocrx_word' id='word_1_140' title='bbox 543 2223 674 2282; x_wconf 86' lang='lat' dir='ltr'>resistere</span> <span class='ocrx_word' id='word_1_141' title='bbox 699 2224 793 2282; x_wconf 86' lang='lat' dir='ltr'>subito</span> <span class='ocrx_word' id='word_1_142' title='bbox 813 2235 841 2282; x_wconf 86' lang='lat' dir='ltr'>et</span> 
     </span>
     <span class='ocr_line' id='line_1_22' title="bbox 45 2319 840 2397; baseline 0 -17"><span class='ocrx_word' id='word_1_143' title='bbox 45 2322 162 2382; x_wconf 79' lang='lat' dir='ltr'><strong>laudum</strong></span> <span class='ocrx_word' id='word_1_144' title='bbox 188 2322 302 2382; x_wconf 82' lang='lat' dir='ltr'>silentio</span> <span class='ocrx_word' id='word_1_145' title='bbox 327 2339 463 2397; x_wconf 80' lang='lat' dir='ltr'>posuere:</span> <span class='ocrx_word' id='word_1_146' title='bbox 498 2338 560 2394; x_wconf 82' lang='lat' dir='ltr'>quae</span> <span class='ocrx_word' id='word_1_147' title='bbox 587 2319 684 2376; x_wconf 82' lang='lat' dir='ltr'>omnis</span> <span class='ocrx_word' id='word_1_148' title='bbox 708 2319 840 2396; x_wconf 86' lang='lat' dir='ltr'>persequi</span> 
     </span>
     <span class='ocr_line' id='line_1_23' title="bbox 44 2413 838 2495; baseline 0.001 -19"><span class='ocrx_word' id='word_1_149' title='bbox 44 2437 135 2495; x_wconf 84' lang='lat' dir='ltr'>prope</span> <span class='ocrx_word' id='word_1_150' title='bbox 149 2418 292 2479; x_wconf 78' lang='lat' dir='ltr'>infinitum</span> <span class='ocrx_word' id='word_1_151' title='bbox 306 2427 356 2478; x_wconf 87' lang='lat' dir='ltr'>est.</span> <span class='ocrx_word' id='word_1_152' title='bbox 398 2417 458 2474; x_wconf 85' lang='lat' dir='ltr'>Sua</span> <span class='ocrx_word' id='word_1_153' title='bbox 472 2415 549 2474; x_wconf 88' lang='lat' dir='ltr'>enim</span> <span class='ocrx_word' id='word_1_154' title='bbox 560 2413 664 2490; x_wconf 81' lang='lat' dir='ltr'>cuique</span> <span class='ocrx_word' id='word_1_155' title='bbox 676 2426 743 2473; x_wconf 86' lang='lat' dir='ltr'>sunt</span> <span class='ocrx_word' id='word_1_156' title='bbox 761 2416 838 2478; x_wconf 80' lang='lat' dir='ltr'>vilia.</span> 
     </span>
     <span class='ocr_line' id='line_1_24' title="bbox 45 2512 840 2589; baseline 0.001 -16"><span class='ocrx_word' id='word_1_157' title='bbox 45 2517 112 2574; x_wconf 76' lang='lat'>122.</span> <span class='ocrx_word' id='word_1_158' title='bbox 133 2515 240 2574; x_wconf 85' lang='lat' dir='ltr'>Peotus</span> <span class='ocrx_word' id='word_1_159' title='bbox 254 2535 289 2573; x_wconf 81' lang='lat' dir='ltr'>no</span> <span class='ocrx_word' id='word_1_160' title='bbox 308 2523 406 2573; x_wconf 82' lang='lat' dir='ltr'>venter</span> <span class='ocrx_word' id='word_1_161' title='bbox 426 2531 463 2570; x_wconf 92' lang='lat' dir='ltr'>ne</span> <span class='ocrx_word' id='word_1_162' title='bbox 482 2512 677 2589; x_wconf 81' lang='lat' dir='ltr'>projiciantur,</span> <span class='ocrx_word' id='word_1_163' title='bbox 691 2513 840 2574; x_wconf 84' lang='lat' dir='ltr'>observan-</span> 
     </span>
    </p>
   </div>
   <div class='ocr_carea' id='block_1_3' title="bbox 40 2609 839 3073">
    <p class='ocr_par' dir='ltr' id='par_1_3' title="bbox 40 2609 839 3073">
     <span class='ocr_line' id='line_1_25' title="bbox 42 2609 839 2689; baseline -0.004 -18"><span class='ocrx_word' id='word_1_164' title='bbox 42 2611 131 2670; x_wconf 88' lang='lat' dir='ltr'><strong>dum:</strong></span> <span class='ocrx_word' id='word_1_165' title='bbox 158 2612 285 2689; x_wconf 85' lang='lat' dir='ltr'>psndant</span> <span class='ocrx_word' id='word_1_166' title='bbox 310 2611 388 2670; x_wconf 89' lang='lat' dir='ltr'>enim</span> <span class='ocrx_word' id='word_1_167' title='bbox 415 2609 589 2686; x_wconf 81' lang='lat' dir='ltr'>posteriors3</span> <span class='ocrx_word' id='word_1_168' title='bbox 617 2619 646 2667; x_wconf 94' lang='lat' dir='ltr'>et</span> <span class='ocrx_word' id='word_1_169' title='bbox 672 2619 715 2669; x_wconf 86' lang='lat' dir='ltr'>est</span> <span class='ocrx_word' id='word_1_170' title='bbox 740 2611 839 2673; x_wconf 73' lang='lat' dir='ltr'>odiose</span> 
     </span>
     <span class='ocr_line' id='line_1_26' title="bbox 41 2706 837 2784; baseline -0.001 -18"><span class='ocrx_word' id='word_1_171' title='bbox 41 2709 138 2768; x_wconf 89' lang='lat' dir='ltr'>omnis</span> <span class='ocrx_word' id='word_1_172' title='bbox 151 2708 297 2784; x_wconf 82' lang='lat' dir='ltr'>supinitss.</span> <span class='ocrx_word' id='word_1_173' title='bbox 339 2707 443 2766; x_wconf 77' lang='lat' dir='ltr'>Latera</span> <span class='ocrx_word' id='word_1_174' title='bbox 462 2725 530 2764; x_wconf 87' lang='lat' dir='ltr'>oum</span> <span class='ocrx_word' id='word_1_175' title='bbox 549 2714 631 2782; x_wconf 88' lang='lat' dir='ltr'>gestu</span> <span class='ocrx_word' id='word_1_176' title='bbox 650 2706 837 2766; x_wconf 78' lang='lat' dir='ltr'>consentiant</span> 
     </span>
     <span class='ocr_line' id='line_1_27' title="bbox 41 2802 838 2880; baseline -0.001 -17"><span class='ocrx_word' id='word_1_177' title='bbox 41 2805 129 2864; x_wconf 80' lang='lat' dir='ltr'>Fecit</span> <span class='ocrx_word' id='word_1_178' title='bbox 142 2805 218 2864; x_wconf 85' lang='lat' dir='ltr'>enim</span> <span class='ocrx_word' id='word_1_179' title='bbox 234 2804 341 2880; x_wconf 82' lang='lat' dir='ltr'>aliquid</span> <span class='ocrx_word' id='word_1_180' title='bbox 354 2815 382 2862; x_wconf 84' lang='lat' dir='ltr'>et</span> <span class='ocrx_word' id='word_1_181' title='bbox 396 2804 483 2872; x_wconf 87' lang='lat' dir='ltr'>totius</span> <span class='ocrx_word' id='word_1_182' title='bbox 497 2802 623 2879; x_wconf 82' lang='lat' dir='ltr'>corporis</span> <span class='ocrx_word' id='word_1_183' title='bbox 635 2813 745 2860; x_wconf 86' lang='lat' dir='ltr'>motus:</span> <span class='ocrx_word' id='word_1_184' title='bbox 767 2804 838 2862; x_wconf 85' lang='lat' dir='ltr'>adeo</span> 
     </span>
     <span class='ocr_line' id='line_1_28' title="bbox 41 2899 835 2978; baseline -0.004 -18"><span class='ocrx_word' id='word_1_185' title='bbox 41 2913 74 2960; x_wconf 91' lang='lat' dir='ltr'>ut</span> <span class='ocrx_word' id='word_1_186' title='bbox 88 2902 195 2960; x_wconf 82' lang='lat' dir='ltr'>Cicero</span> <span class='ocrx_word' id='word_1_187' title='bbox 208 2903 272 2978; x_wconf 88' lang='lat' dir='ltr'>plus</span> <span class='ocrx_word' id='word_1_188' title='bbox 286 2901 335 2958; x_wconf 90' lang='lat' dir='ltr'>illo</span> <span class='ocrx_word' id='word_1_189' title='bbox 351 2901 396 2978; x_wconf 82' lang='lat' dir='ltr'>agi</span> <span class='ocrx_word' id='word_1_190' title='bbox 411 2919 495 2976; x_wconf 80' lang='lat' dir='ltr'><strong>quum</strong></span> <span class='ocrx_word' id='word_1_191' title='bbox 510 2900 640 2957; x_wconf 80' lang='lat' dir='ltr'>inanibus</span> <span class='ocrx_word' id='word_1_192' title='bbox 660 2899 729 2973; x_wconf 89' lang='lat' dir='ltr'>ipsis</span> <span class='ocrx_word' id='word_1_193' title='bbox 747 2908 835 2972; x_wconf 85' lang='lat' dir='ltr'>putet.</span> 
     </span>
     <span class='ocr_line' id='line_1_29' title="bbox 40 2993 836 3073; baseline -0.005 -17"><span class='ocrx_word' id='word_1_194' title='bbox 40 2998 86 3073; x_wconf 77' lang='lat' dir='ltr'>ltu</span> <span class='ocrx_word' id='word_1_195' title='bbox 100 2998 179 3064; x_wconf 84' lang='lat' dir='ltr'>enim</span> <span class='ocrx_word' id='word_1_196' title='bbox 193 2997 264 3058; x_wconf 86' lang='lat' dir='ltr'>dioit</span> <span class='ocrx_word' id='word_1_197' title='bbox 277 2997 308 3060; x_wconf 90' lang='lat' dir='ltr'>in</span> <span class='ocrx_word' id='word_1_198' title='bbox 321 2997 454 3068; x_wconf 78' lang='lat' dir='ltr'>Oratore,</span> <span class='ocrx_word' id='word_1_199' title='bbox 468 2996 567 3054; x_wconf 67' lang='lat' dir='ltr'>Nolle</span> <span class='ocrx_word' id='word_1_200' title='bbox 587 2994 712 3068; x_wconf 73' lang='lat' dir='ltr'>argutio</span> <span class='ocrx_word' id='word_1_201' title='bbox 732 2993 836 3069; x_wconf 76' lang='lat' dir='ltr'>digito·</span> 
     </span>
    </p>
   </div>
   <div class='ocr_carea' id='block_1_4' title="bbox 0 0 996 3342">
    <p class='ocr_par' dir='ltr' id='par_1_4' title="bbox 0 0 996 3342">
     <span class='ocr_line' id='line_1_30' title="bbox 0 0 996 3342; baseline 0 2"><span class='ocrx_word' id='word_1_202' title='bbox 0 0 996 3342; x_wconf 95' lang='lat' dir='ltr'> </span> 
     </span>
    </p>
   </div>
  </div>
 </body>
</html>
