1984 3342
140 179 179 244 ts
362 190 398 238 ra.
418 189 487 240 uss.
508 189 714 247 summram

137 340 201 404 hee
226 339 354 412 lascivia,
375 340 554 417 deliciaeque,
574 352 604 400 ot
629 342 728 401 omnia
754 341 790 402 sd
810 343 937 421 volupta-

137 448 196 496 tem
216 437 407 496 multitudinis
428 438 567 516 imperite
593 439 761 516 composita,
782 440 934 500 delectant.

136 535 183 592 44.
211 534 342 611 Ipsorum
368 537 464 607 etiam,
485 537 535 612 qui
561 546 673 595 rectum
700 538 817 596 dicendi
842 557 935 615 genus
983 578 984 605 2

136 632 218 707 sequi
231 633 339 704 volunt,
355 633 402 690 alii
415 651 514 708 pressa
527 635 643 692 demum
656 644 685 692 et
697 635 805 707 tenuia,
820 646 850 692 et
869 654 934 711 que

136 726 285 786 minimum
315 729 350 785 ab
377 746 431 785 usu
459 729 627 803 quotidiano
646 729 793 799 recedant,
814 749 885 787 sana
903 740 933 788 et

135 841 201 882 rere
215 825 315 882 Attica
333 835 450 900 putant:
473 826 611 900 quosdam
631 826 730 884 elatior
750 826 860 902 ingenii
879 828 932 898 vis,

135 929 164 978 et
184 921 274 997 magis
295 922 448 990 concitata,
470 933 498 980 et
519 923 569 979 alti
590 922 706 998 spiritus
728 923 813 998 plena
838 923 931 998 capit:

134 1028 201 1075 sunt
222 1019 308 1076 etiam
327 1019 410 1090 leuis,
432 1030 461 1076 et
480 1019 574 1090 nitidi,
595 1030 624 1076 et
644 1019 796 1093 compositi
817 1019 931 1096 generis

133 1134 193 1173 non
207 1117 291 1192 pauci
306 1127 452 1174 amatores.
494 1117 540 1174 De
554 1137 611 1192 qua
621 1117 782 1175 differentia
794 1117 932 1174 disseram

134 1213 309 1290 diligentius,
333 1231 399 1272 eum
421 1214 456 1272 de
477 1213 719 1291 generedicendi
746 1214 932 1288 quaerendum

133 1310 195 1368 erit.
236 1311 355 1369 Interim
370 1311 543 1382 summatim,
558 1310 670 1386 quidet
691 1329 707 1366 a
725 1328 784 1384 qua
802 1309 930 1368 lectione

133 1421 229 1484 petere
242 1411 361 1486 possint,
376 1410 427 1484 qui
440 1410 610 1466 confirmare
631 1407 795 1465 facultatem
814 1408 932 1466 dioendi

983 436 985 573 l

985 952 987 1107 l

133 1505 242 1576 volunt,
267 1507 412 1580 attingam.
461 1507 509 1562 45.
537 1505 650 1563 Paucos
675 1503 764 1574 enim,
786 1504 836 1579 qui
863 1514 930 1562 sunt

133 1602 361 1672 eminentissimi,
383 1621 535 1677 excerpere
555 1602 585 1659 in
613 1603 709 1660 animo
735 1611 787 1660 est.
829 1601 929 1660 Facile

134 1707 177 1754 est
198 1707 292 1754 autem
313 1696 457 1768 studiosis,
478 1697 527 1772 qui
548 1697 606 1754 sint
625 1697 669 1754 his
689 1695 837 1767 simillimi,
857 1696 931 1772 judi·

134 1813 217 1852 aare:
238 1793 444 1869 nequisquam
466 1803 611 1869 queratur,
631 1794 753 1851 omissos
780 1793 853 1850 forte
881 1793 932 1850 ali·

133 1909 214 1967 quos,
230 1909 300 1965 quos
315 1889 375 1966 ipse
388 1889 470 1948 valde
483 1891 591 1966 probet.
626 1890 731 1948 Fateor
744 1889 821 1946 enim
835 1887 932 1964 plures

132 1988 269 2065 legendos
284 2006 355 2060 esse,
370 2007 454 2063 quam
469 1988 519 2063 qui
533 2007 550 2044 a
562 2006 609 2045 me
622 1986 854 2045 nominabuntur.

173 2087 231 2144 Sed
245 2104 323 2143 nuno
337 2103 443 2162 genera
456 2084 518 2160 ipsa
529 2084 697 2155 lectionum,
708 2102 772 2157 quae
785 2082 931 2158 precipue

132 2184 287 2242 convenire
308 2181 530 2252 intendentibus,
545 2191 576 2238 ut
596 2190 723 2238 oratores
742 2179 821 2250 fiant,
835 2179 931 2238 existi·

132 2299 218 2352 mem,
234 2297 398 2356 persequor.

171 2376 219 2434 46.
246 2373 349 2452 Igitur,
375 2383 408 2431 ut
434 2374 541 2432 Aratus
574 2373 610 2433 ad
636 2373 706 2431 Jove
739 2372 931 2448 inomandum

132 2482 222 2550 putat,
242 2471 283 2529 ita
302 2489 355 2528 nos
375 2469 429 2528 rite
450 2471 570 2546 ooepturi
592 2471 628 2528 ab
648 2468 771 2528 Homero
789 2469 930 2530 ridemur.

133 2569 193 2630 Hie
213 2568 299 2640 enim,
320 2567 560 2644 quemadmodum
586 2587 619 2626 ea
643 2585 744 2625 oceano
770 2565 842 2622 dicit
867 2566 932 2642 ipse

133 2666 255 2723 amnium
281 2665 336 2722 vim
354 2663 536 2741 sontiumque
554 2681 662 2721 'cursus
682 2663 797 2720 initium
817 2681 930 2738 capere,

133 2761 266 2820 omnibus
279 2760 449 2836 eloquentia
462 2760 590 2834 partibus
603 2758 763 2834 exemplum
784 2767 814 2816 et
832 2767 932 2816 ortum

133 2857 219 2917 dedit.
261 2856 350 2916 Hune
364 2875 450 2915 nemo
462 2855 492 2913 iu
506 2854 618 2930 magnis
638 2855 723 2912 rebus
743 2852 932 2927 sublimitate,

175 2955 270 3035 umis
281 2953 455 3036 proprietate
466 2951 649 3031 moerentis
689 2949 771 3014 Idem
790 2949 875 3012 leurs
896 2969 935 3012 ιο
