1984 3342
145 199 217 264 δί’
370 206 722 264 nummum

149 377 350 436 quemcunque
376 359 530 418 dicentem.
582 357 630 416 ὦ.
664 356 762 435 Negat
794 375 827 416 se
854 359 947 437 magni

149 459 244 516 facere
273 456 374 532 aliquis
400 461 562 532 poetarum
582 463 679 512 utrum
706 454 808 511 Cesar
827 465 894 513 uter
912 476 946 513 uu

148 553 229 612 aldus
249 553 325 610 duaa
344 553 403 610 rit:
423 553 550 611 insania:
583 561 671 624 verte,
698 562 732 610 ut
753 551 832 608 idem
853 553 947 610 Caesar

149 650 186 708 dc
199 649 249 708 illo
263 649 375 722 dixerit,
391 649 553 726 arrogantia
564 658 618 706 est
660 647 754 724 Major
767 647 797 704 in
818 649 946 723 personis
972 684 973 715 2

149 745 310 804 observatio
323 756 367 804 est
381 745 457 822 apud
469 745 596 823 tragicos
609 745 803 819 comicosque.
845 744 946 802 Multis

149 842 227 901 euim
253 852 382 914 utuntur,
403 853 433 900 et
451 842 545 900 variis.
587 841 698 898 Eadem
717 850 747 898 et
766 857 879 913 eorum,
900 842 945 916 qui

149 939 292 998 crationes
306 939 369 997 aliis
383 939 556 1010 scribebant,
566 939 621 996 luit
633 939 720 1009 ratio;
744 948 774 995 et
786 938 946 996 declaman-

149 1037 222 1094 tium
248 1047 299 1096 est.
340 1035 410 1094 Nou
436 1037 652 1119 euim-semper
677 1046 710 1092 ut
736 1036 879 1108 advocati,
898 1037 945 1094 sed

148 1135 316 1210 plerumque
329 1145 362 1192 ut
374 1135 532 1212 litigatores
545 1133 677 1190 dicimus.

187 1233 234 1290 39.
262 1232 469 1290 verumetiam
485 1231 515 1288 in
529 1231 573 1287 his
586 1230 690 1301 causis,
705 1230 810 1305 quibus
831 1231 944 1288 adrocs
972 1216 973 1275 l

149 1347 222 1401 mur,
237 1329 338 1388 eadem
351 1328 513 1386 differentia
526 1327 679 1404 diligenter
692 1337 735 1384 est
749 1327 942 1385 custodienda.
972 1360 973 1375 .

149 1423 262 1483 Utimur
283 1425 361 1482 euim
380 1425 498 1482 fictione
523 1441 718 1499 personarum,
739 1432 769 1480 et
795 1423 874 1480 velut
900 1441 944 1480 ore
972 1412 973 1423 ¹

150 1521 243 1578 alieno
256 1520 416 1594 loquimur:
438 1521 583 1594 dandique
595 1530 662 1576 sunt
675 1519 721 1590 iis,
732 1519 839 1594 quibus
848 1538 943 1577 rocem

151 1616 411 1686 accommodamus,
426 1616 470 1672 sui
485 1635 587 1674 mores.
628 1615 723 1673 Aliter
736 1616 814 1673 euim
835 1617 868 1674 P.
884 1617 945 1674 Clo-
972 1600 973 1619 .

149 1711 224 1780 dius,
240 1711 319 1768 aliter
335 1711 447 1787 Appius
461 1712 584 1770 Cacus:
606 1713 687 1770 aliter
700 1712 944 1782 Caecilianusille,

150 1806 231 1864 aliter
245 1806 439 1865 Terentianus
451 1819 531 1882 pater
539 1809 665 1886 fingitur.
705 1810 752 1866 40.
771 1809 858 1871 Quid
873 1829 947 1886 aspe-
972 1796 973 1799 Ἴ

149 1903 209 1961 rius
234 1904 337 1963 lictore
363 1905 482 1962 Verrisl
528 1906 567 1963 Ut
593 1907 689 1975 adeas,
717 1915 829 1964 tantum
856 1908 944 1965 dadis.

148 2001 232 2062 Quid
246 2002 346 2060 fortius
361 2001 419 2074 illo,
435 2003 518 2078 cujus
538 2003 612 2060 inter
632 2004 694 2080 ipsa
713 2005 864 2062 verberum
885 2025 947 2080 sup·

148 2098 237 2174 plicia
250 2118 307 2156 una
327 2116 382 2156 iux
403 2099 579 2172 audiebatur,
595 2099 676 2158 Ciuis
695 2101 845 2158 Romanus
865 2104 945 2158 sum?

148 2196 248 2257 Quam
268 2196 362 2272 dignae
383 2193 504 2254 Milonis
525 2197 554 2254 in
573 2198 753 2272 peroratione
773 2197 836 2273 ipsa
863 2215 946 2254 voces

149 2309 185 2349 eo
198 2292 268 2362 viro,
283 2291 331 2365 qui
345 2309 396 2366 pro
410 2292 557 2368 republica
570 2293 735 2350 seditiosum
751 2295 843 2352 civem
863 2294 946 2351 toties

149 2385 381 2462 compescuisset,
396 2389 503 2464 quique
516 2388 634 2446 insidias
647 2389 751 2447 virtute
764 2389 945 2465 superasset?

148 2483 196 2540 41.
218 2481 350 2558 Denique
363 2499 421 2542 nou
435 2485 521 2542 modo
533 2495 603 2560 quot
615 2485 645 2543 in
665 2504 761 2554 causa,
776 2487 895 2544 totidem
916 2487 944 2542 in

148 2579 345 2654 prosopopaeia
364 2590 430 2638 sunt
449 2580 618 2639 varietates:
638 2582 688 2639 sed
708 2583 764 2640 hoc
783 2583 871 2640 etiam
884 2583 945 2658 plu·

149 2691 204 2746 res,
225 2676 301 2750 quod
321 2675 352 2734 iu
372 2676 417 2733 his
435 2693 599 2752 puerorum,
621 2678 800 2750 feminarum,
822 2679 941 2755 populo·

149 2787 222 2841 rum,
237 2780 379 2828 mutarum
398 2771 485 2828 etiam
498 2787 593 2828 rerum
607 2773 803 2831 assimulamus
817 2775 943 2843 affectus,

149 2866 254 2942 quibus
267 2865 402 2924 omuibus
415 2865 534 2923 debetur
547 2884 617 2924 suus
629 2867 725 2926 decor.
764 2869 813 2926 42.
834 2870 945 2928 Eadem

150 2962 181 3020 in
195 2963 240 3036 iis,
253 2981 306 3040 pro
318 2961 422 3038 quibus
435 2979 562 3040 agemus,
575 2963 751 3024 observanda
768 2976 843 3024 sunt.
885 2965 947 3024 Ali·
