1984 3342
237 255 319 306 ursi.
338 257 474 306 osseus.
493 257 556 306 un
573 257 616 306 iu
636 257 657 304 ι.
801 247 839 310 st

46 401 186 479 dinturns,
211 407 388 466 tutandum:
415 417 448 466 ut
473 407 584 468 stirmsi
608 423 667 466 non
692 421 843 483 posuimus

48 502 215 575 nonvininri,
229 504 305 562 nolle
324 505 477 563 ridemur.
519 503 664 576 Etiem‚si
683 502 752 578 quid
771 502 843 578 obji-

47 599 185 658 ciendum
211 601 274 672 erit,
300 601 428 658 offinium
453 612 496 660 est
521 602 643 677 patroni,
670 611 702 658 ut
727 599 757 656 id
782 599 842 658 filio

48 694 148 768 inrito,
174 695 225 754 sed
250 696 306 754 fide
332 706 462 773 sugente,
491 695 585 756 sunere
610 696 750 756 eredumr.
795 694 842 754 Its

46 791 153 867 poterit
165 801 283 868 uterque
296 793 414 852 laudari.
454 792 545 854 Quod
557 793 594 852 de
612 802 702 852 matre
722 792 790 864 diui,
804 791 841 850 de

49 899 171 963 utroque
195 898 312 965 putente
338 889 537 964 uenipiendum
562 897 613 948 est.
664 888 741 946 Num
767 888 841 946 inter

47 994 145 1060 penes
160 984 245 1042 etiam
259 985 398 1060 filiosque,
413 1003 479 1044 cum
493 985 690 1043 intervenisset
708 1003 842 1042 emensu-

47 1081 137 1157 pstio‚
157 1080 297 1158 litigatum
323 1081 392 1140 snio.
432 1082 480 1140 66.
501 1081 537 1140 In
564 1081 628 1140 eliis
646 1099 760 1155 qunque
778 1099 842 1156 pro·

47 1176 256 1254 pinquitstibus
288 1177 506 1235 custodiendum
537 1187 591 1248 est,
624 1187 656 1234 ut
688 1176 778 1247 inviti,
812 1188 842 1236 et

48 1271 221 1340 neumatis,
247 1283 277 1331 et
301 1291 387 1348 perne
411 1272 572 1350 judicemur
598 1272 722 1330 dixisse:
749 1271 841 1347 megin

48 1377 146 1426 nutem
172 1377 221 1424 eut
245 1368 350 1440 minus,
377 1376 409 1424 ut
434 1367 540 1442 cuique
564 1385 693 1442 personas
721 1365 840 1424 debetur

47 1463 217 1523 reverentis.
257 1463 365 1522 Eadem
390 1481 443 1539 pro
461 1463 571 1520 libertis
591 1463 724 1520 adversus
748 1472 842 1537 patro·

48 1577 103 1618 nos
121 1559 306 1618 observantis„
347 1559 385 1618 Et
399 1569 429 1618 ut
449 1560 536 1618 semel
556 1559 638 1636 plura
656 1559 840 1635 complentur,

48 1675 196 1731 nunqnam
208 1656 321 1715 decebit
340 1657 383 1715 sio
403 1657 535 1716 adversus
554 1657 625 1716 teies
644 1665 728 1733 igere
746 1675 842 1733 perso·

49 1773 112 1826 nas,
139 1753 282 1829 quomodo
313 1764 413 1812 contre
445 1773 499 1812 nos
531 1754 577 1831 agi
610 1754 646 1813 ab
676 1753 841 1822 hominibus

50 1849 223 1910 uenditionis
255 1849 381 1926 ejusdem
414 1849 513 1926 iniquo
546 1851 642 1908 enimn
667 1850 839 1908 tulissemus.

49 1947 98 2006 67.
118 1947 270 2005 Praestntur
291 1947 346 2004 hoe
367 1946 519 2022 aliquando
537 1948 624 2005 etism
643 1947 840 2024 dignitatibus,

50 2053 83 2102 ut
102 2042 240 2102 libertatis
259 2053 361 2101 nostre
381 2043 454 2102 ratio
472 2043 617 2113 reddatur,
635 2061 672 2100 ne
698 2043 762 2118 quis
787 2062 841 2103 nos

50 2149 101 2198 eut
112 2138 272 2215 petulantes
284 2139 314 2196 in
334 2138 469 2198 ledendis
489 2139 541 2208 eis,
555 2147 605 2196 aut
623 2139 710 2196 etium
730 2138 841 2196 ambiti-

52 2255 118 2294 osos
144 2245 232 2313 putet.
273 2236 374 2311 Itaque
399 2235 515 2306 Cicero,
535 2253 697 2309 quanquam
722 2243 784 2292 erat
809 2234 840 2294 in

51 2332 168 2391 cottum
200 2333 364 2410 gravissime
396 2331 535 2402 dicturus,
561 2349 654 2405 neque
687 2329 767 2388 aliter
793 2330 840 2408 egi

49 2429 83 2488 P.
104 2427 194 2505 Oppii
214 2447 300 2488 nausa
318 2437 437 2505 poterat,
457 2429 543 2505 lunge
562 2437 657 2486 tunen
675 2426 841 2504 prefatione

49 2525 198 2585 exnussrit
210 2524 568 2584 officiisuineeessitatem.
608 2525 655 2584 68.
676 2525 842 2602 Aiiqunudo

50 2624 139 2682 etium
165 2622 355 2694 inferioribus,
381 2622 581 2698 precipueque
614 2622 841 2694 adolescentulis,

51 2737 169 2797 peresrs
184 2729 233 2777 sut
245 2719 351 2778 mederi
372 2719 462 2778 decet.
503 2719 599 2778 Utitur
619 2720 674 2779 han
693 2719 843 2779 modereti-

51 2835 108 2876 oue
120 2816 227 2876 cinero
245 2834 296 2892 pro
314 2815 408 2874 celio
427 2827 527 2876 eontra
539 2817 712 2889 Atratinum,
726 2827 758 2875 ut
776 2836 843 2876 eum

52 2932 112 2974 non
131 2913 250 2974 inimice
269 2913 420 2990 corripere,
441 2914 492 2974 ssd
510 2930 593 2991 pens
616 2915 708 2990 putris
726 2926 843 2972 monem
