1984 3342
149 203 207 277 188
368 211 404 262 u.
422 211 492 263 rau.
512 207 718 269 culmum

146 362 216 428 time
242 371 336 422 eutem
362 379 463 422 manus
490 379 508 419 ι
532 359 647 421 sinistra
671 368 752 438 parte
778 355 938 436 incipitin

147 457 245 518 dextre
271 457 436 534 deponitur:
471 457 523 516 sed
549 467 581 514 ut
605 456 685 532 poni,
712 475 770 513 non
796 463 829 512 ut
855 455 937 514 ferire
983 478 984 527 l

146 553 293 615 videatur:
315 571 476 630 quanquam
496 564 526 614 et
546 554 576 612 in
595 553 652 612 fine
673 553 786 612 interim
807 553 895 626 cadit,
908 564 937 610 ut

147 649 205 710 cito
230 661 325 709 tamen
352 651 464 708 redeat:
492 660 522 708 et
547 668 751 726 nonnunquam
778 649 870 706 resilit
895 649 936 706 vel

146 747 316 823 negantibus
329 748 421 820 uobis,
436 747 480 804 vel
495 747 708 804 admirantibus.
750 743 810 802 Hic
830 757 937 803 veteres
984 810 985 829 χ

65 882 71 894 .
147 841 270 900 artifices
297 843 367 902 illud
394 854 473 900 recte
501 843 675 920 adjecerunt,
695 851 728 900 ut
753 861 853 898 manus
880 862 937 899 cum

145 957 226 998 setun
246 947 273 998 et
293 940 437 1016 inciperet,
452 949 478 996 et
492 939 681 1016 deponamur.
722 938 843 1015 Alioqui
863 939 934 997 enim
985 988 986 991 ,

145 1045 194 1095 eut
207 1046 272 1094 ante
285 1054 385 1094 rocem
399 1036 452 1094 erit
465 1045 572 1114 gestus,
586 1045 635 1092 aut
647 1045 711 1112 post
724 1053 842 1092 vocem:
864 1033 936 1110 quod

144 1143 187 1190 est
207 1144 357 1208 utrumque
378 1132 512 1192 deforme.
555 1133 619 1190 107.
640 1131 675 1188 In
697 1131 746 1188 illo
765 1130 838 1207 lapsi
852 1132 936 1189 nimia
986 1174 987 1181 κ

144 1230 300 1288 subtilitate
313 1239 388 1300 sunt,
403 1229 478 1304 quod
492 1228 671 1287 intervallum
684 1239 778 1285 motus
789 1228 845 1285 tria
855 1230 935 1286 verba

144 1345 206 1386 esse
232 1328 398 1385 voluerunt:
426 1324 503 1400 quod
529 1343 622 1399 neque
649 1325 824 1396 observatur,
845 1343 935 1402 neque

143 1423 204 1482 lieri
231 1433 340 1500 potest:
368 1422 417 1480 sed
445 1421 487 1480 illi
506 1420 589 1496 quasi
609 1438 772 1478 mensuram
797 1422 935 1480 tarditatis
987 1418 988 1473 l

143 1521 353 1596 celeritatisque
391 1519 515 1594 aliquam
548 1534 610 1574 esse
643 1517 809 1575 voluerunt:
844 1538 935 1595 neque
987 1498 988 1517 Χ

143 1615 294 1686 imme-rito,
315 1633 352 1672 ne
379 1625 426 1674 aut
453 1614 502 1671 diu
528 1613 619 1672 otiosa
644 1623 719 1670 esset
746 1632 857 1686 manus,
881 1626 935 1687 uut,
988 1662 989 1685 q

142 1711 218 1786 quod
251 1710 331 1768 multi
366 1710 482 1778 faciunt,
512 1709 653 1766 actionem
687 1708 825 1766 continuo
860 1724 936 1768 motu
988 1694 989 1723 ³

142 1806 333 1864 conciderent.
376 1805 441 1862 108.
463 1805 551 1862 Aliud
566 1816 618 1876 est,
632 1805 708 1880 quod
722 1816 749 1863 et
764 1805 794 1862 fit
809 1807 937 1882 frequen-

142 1902 199 1959 tius
212 1911 241 1959 et
255 1898 345 1978 magis
359 1899 447 1958 sallit:
469 1911 535 1957 sunt
549 1902 677 1976 quiedam
692 1901 812 1958 latentes
832 1922 937 1960 sermo-

140 1998 186 2063 nis
205 1997 412 2074 percussiones,
433 2007 461 2054 et
481 1997 562 2072 quasi
584 1997 670 2072 aliqui
690 1997 786 2072 pedes,
809 1998 844 2055 ad
866 2019 937 2075 quos

139 2095 325 2178 plurimorum
353 2104 449 2170 gestus
476 2093 572 2150 cadit:
607 2104 639 2150 ut
664 2092 702 2150 sit
729 2112 803 2150 unus
831 2107 936 2167 motuS,

140 2192 251 2250 Novum
265 2191 366 2250 crimen
374 2211 385 2254 ,·
407 2190 486 2258 alter,
500 2189 532 2246 0.
550 2189 667 2254 Oaesar,·
689 2190 798 2261 tertius,
811 2190 857 2248 Et
872 2201 938 2250 astte

140 2289 213 2348 dunc
227 2288 297 2346 diem
305 2308 316 2354 ,·
340 2297 466 2364 quartus,
480 2286 548 2344 Non
561 2286 710 2352 auditum
731 2286 845 2359 deinde,
861 2289 939 2346 Pro·

138 2384 264 2462 pinques
285 2402 376 2448 mec&
397 2393 435 2454 et,
451 2381 503 2440 Ad
521 2391 569 2447 te,·
591 2391 629 2453 et,
648 2383 777 2450 Quintus
804 2383 937 2449 Tuberoe

139 2489 177 2550 et,
198 2478 321 2538 Detulit.
364 2480 428 2538 109.
449 2478 533 2538 Unde
553 2478 582 2535 id
602 2497 715 2553 quoque
735 2477 798 2536 fluit
824 2479 938 2552 vitium,

139 2585 171 2638 ut
195 2575 323 2654 juvenes,
344 2595 411 2634 cum
437 2575 576 2647 scribunt,
600 2585 712 2651 gestum
737 2575 940 2651 praemodulati

139 2672 312 2750 cogitatione
332 2673 375 2735 sic
395 2681 577 2747 componunt,
592 2671 735 2746 quomodo
756 2690 858 2730 casura
880 2693 941 2731 ma·

137 2787 193 2829 nus
213 2778 264 2826 est
285 2768 377 2828 ‚Inde
397 2777 425 2825 et
445 2767 516 2822 illud
536 2765 646 2839 vitium,
660 2776 693 2823 ut
712 2777 818 2844 gestus,
834 2769 887 2844 qui
911 2769 940 2826 in

134 2863 195 2930 fine
221 2863 318 2924 dexter
344 2880 406 2924 csse
433 2861 526 2930 debet,
548 2859 577 2918 in
604 2861 751 2920 sinistrum
771 2862 941 2938 frequenter

134 2960 257 3046 dmum
300 2958 364 3020 110.
385 2955 492 3026 Melius
506 2955 586 3030 illud,
600 2975 666 3015 cum
680 2958 782 3016 sintin
803 2978 943 3020 sermone
