1984 3342
221 225 650 280 ωειοωοκιιωιι
792 223 834 284 π
887 207 896 214 ’
964 304 970 312 ¹

39 373 125 452 major
138 393 224 452 quam
238 375 409 454 eloquentiae
423 377 478 438 fnit
491 379 523 438 in
536 379 713 440 orationibus
732 378 832 456 ntique

39 471 167 546 jactator.
210 473 254 532 18
277 473 315 532 Et
340 475 510 551 plerumque
535 476 608 536 illud
633 495 747 553 quoque
772 497 832 537 non

37 568 97 628 sine
110 569 205 645 aliqua
218 570 329 630 rationo
343 571 419 629 seuit.
461 572 525 630 Aut
534 573 612 631 enim
625 574 758 632 tuebatur
768 593 831 647 eoa,

36 665 137 738 quibus
150 676 210 724 erat
225 665 401 743 adjutoribus
415 685 485 726 usus
505 668 535 726 in
555 669 742 744 opprimenda
761 689 832 728 eou-

34 761 183 836 juratione,
205 773 253 820 aut
279 763 470 838 respondebat
495 764 628 822 invidie:
660 765 709 824 eni
734 775 832 826 tamea

36 875 89 916 non
102 859 159 918 fuit
172 878 231 935 par,
246 870 362 918 servata
381 861 480 936 patria
500 881 615 937 poenam
634 881 734 938 pamas
752 863 832 922 erili·

36 973 98 1013 nm:
120 966 152 1014 ut
165 955 361 1032 illorumque
374 968 471 1035 egerat
482 958 513 1016 in
526 959 688 1031 consulatu,
697 960 832 1036 frequens

35 1053 266 1112 commemoratio
285 1053 375 1129 possit
401 1054 491 1112 videri
518 1074 577 1114 non
604 1055 702 1132 glorie
729 1056 831 1134 magis,

34 1167 118 1223 quam
132 1149 301 1222 defensioni,
316 1149 390 1208 data.
433 1153 478 1210 19.
500 1151 701 1228 Eloquentiam
715 1153 832 1228 quidem

33 1265 98 1304 oum
118 1246 313 1322 plenissimam
333 1235 451 1306 dirersae
465 1249 555 1324 partis
568 1249 714 1308 adsuestis
727 1267 832 1308 oenoe·

33 1342 120 1414 deret,
127 1343 183 1402 sibi
193 1362 339 1419 nunquam
349 1344 379 1402 in
393 1344 506 1422 agendo
514 1344 668 1404 immodiee
682 1346 830 1423 arrogavit

32 1437 112 1498 Illius
139 1451 205 1500 sunt
225 1441 312 1513 enim,
333 1441 379 1514 ui,
397 1440 524 1518 judiees,
543 1443 655 1518 ingenii
673 1442 736 1513 arei,
756 1443 833 1520 qaod

32 1537 120 1594 seatio
140 1556 224 1613 quara
244 1537 283 1596 sit
303 1538 448 1613 exiguum:
463 1549 502 1610 et,
520 1538 587 1606 Quo
605 1539 720 1615 ingenio
739 1541 831 1599 mim

32 1652 156 1708 possum,
184 1633 338 1694 subsidium
370 1636 439 1692 milri
472 1635 626 1711 diligentia
658 1639 829 1714 comporaai.

32 1731 76 1789 2⁰.
97 1730 182 1793 Quin
203 1731 288 1790 etiam
309 1731 637 1794 contrementium
657 1733 693 1792 de
714 1753 830 1794 mensa·

33 1837 92 1886 tore
121 1827 151 1885 iu
173 1828 293 1886 Verrem
321 1829 533 1901 eonstituendo,
553 1831 683 1905 quamvis
709 1832 831 1891 multum

33 1934 105 1980 esset
121 1923 151 1980 in
172 1923 227 1980 hoo
247 1942 362 1998 quoque
382 1925 530 1996 momenti,
544 1937 608 1983 uter
629 1927 664 1983 ad
685 1927 830 2004 agendum

33 2021 124 2097 magis
139 2019 259 2077 idoneus
279 2021 399 2092 veniret,
414 2020 530 2078 dicendi
549 2032 646 2079 tamen
667 2023 831 2080 laenitatem

34 2117 124 2194 magis
137 2117 180 2175 illi
193 2116 324 2189 detraxit,
335 2135 421 2192 quam
435 2118 576 2196 arrogavit
588 2118 661 2176 sibi:
681 2137 763 2195 aequa
775 2137 830 2175 non

33 2212 276 2285 constristamur]
288 2214 380 2270 omnio
385 2212 504 2290 fecisse,
518 2222 551 2271 ut
558 2222 654 2290 posset
667 2234 727 2273 eura
740 2233 831 2273 conse·
852 2219 857 2228 '

33 2311 91 2385 qui,
106 2309 186 2368 dixit.
227 2311 275 2368 21.
296 2309 332 2366 In
346 2309 474 2385 epistolis
488 2310 642 2385 aliquando
655 2310 830 2369 familiariter

33 2406 107 2482 apud
124 2406 242 2478 arnioos,
256 2425 461 2482 nonnunquam
481 2407 512 2464 in
532 2406 663 2484 dialogis,
679 2407 771 2465 aliena
789 2417 831 2466 ta·

32 2520 98 2560 men
112 2519 243 2578 persona,
257 2521 356 2560 verum
370 2503 406 2560 de
419 2503 582 2577 eloquentia
600 2522 654 2561 sna
672 2503 750 2562 dicit
792 2504 831 2563 Et

33 2607 130 2673 aperte
143 2608 239 2655 tamen
252 2598 377 2676 gloriari,
392 2599 491 2656 neseio
505 2619 541 2657 an
562 2600 599 2658 sit
619 2600 710 2678 magis
729 2601 831 2659 tolera·

32 2694 89 2752 bile
111 2694 155 2752 vel
169 2693 231 2769 ipsa
244 2694 305 2752 vitii
319 2695 403 2772 hujus
416 2694 615 2770 simplieitate3
636 2715 722 2772 qnam
735 2697 785 2756 illa
798 2697 829 2756 in

34 2789 194 2865 jactatione
219 2808 360 2866 perversa,
385 2791 409 2849 si
431 2792 579 2850 abundans
597 2793 699 2870 opibus
726 2811 831 2869 paupe·

32 2905 93 2946 rem
120 2905 161 2959 se,
182 2887 287 2946 nobilis
312 2888 475 2959 obsnnrum,
495 2898 525 2946 et
550 2899 651 2964 potens
676 2889 828 2958 infirmum,

31 2993 59 3042 et
73 2983 200 3044 disemus
219 2982 382 3062 imperitum
406 2983 492 3062 plane
518 2993 549 3043 et
573 2984 712 3044 infantam
737 2989 828 3041 vocet.
