1984 3342
236 249 318 296 msc.
338 249 475 296 neiron.
489 249 551 297 nus.
567 207 599 296 ic
616 250 637 295 ι,
811 238 833 298 9

42 409 88 458 aut
105 398 168 474 plus
191 397 355 470 efficientia,
370 407 419 456 aut
441 396 546 457 melius
565 398 708 469 sonantia,
726 396 833 455 debent

41 514 101 556 esse
127 514 185 553 non
212 495 305 552 solum
331 504 400 554 nota
425 496 532 562 omnia.
559 495 610 554 sed
643 495 674 555 iu
707 506 831 570 promtu,

41 602 132 668 atque,
157 601 190 649 ut
212 591 253 649 ita
279 591 383 664 dicam,
404 592 433 649 in
461 602 629 668 conspectu,
650 603 692 663 ut,
709 609 776 648 cum
801 608 833 648 se

37 688 147 764 judicio
162 688 284 745 dicentis
298 688 483 760 ostenderint,
500 688 593 746 facilis
606 707 642 746 cx
655 688 700 745 bis
713 687 834 763 optimc·

39 804 102 843 mm
124 785 161 843 sit
181 784 292 842 electio.
344 787 371 843 7.
394 786 432 843 Et
453 805 517 860 quse
540 785 618 843 idem
638 784 834 862 significarent

39 881 139 940 solitos
161 881 222 939 scio
246 881 385 954 ediscere,
403 900 460 957 quo
485 882 597 940 facilius
620 891 650 940 et
669 891 834 939 occurreret

39 997 128 1036 unum
148 996 184 1035 ex
200 977 339 1053 pluribus,
353 987 392 1049 et,
413 997 479 1036 cum
501 988 594 1036 essent
614 977 659 1035 usi
684 978 788 1052 aliquo,
808 977 834 1035 si

39 1077 123 1134 breve
138 1075 212 1132 intra
225 1075 348 1152 spatium
362 1095 459 1132 rursus
470 1075 689 1147 desideraretur,
698 1075 835 1152 effugien-

38 1173 82 1230 dae
104 1171 282 1247 repetitionis
295 1171 388 1250 gratia
408 1182 554 1231 sumerent
575 1171 663 1243 aliud,
678 1190 736 1246 quo
757 1171 834 1228 idem

38 1267 160 1344 intelligi
186 1277 289 1343 posset.
329 1267 419 1330 Quod
447 1286 514 1324 cum
540 1278 583 1325 est
608 1267 719 1342 puerile
738 1277 767 1324 et
786 1285 836 1324 cu·

41 1364 157 1440 jusdam
177 1363 301 1422 infelicis
320 1383 423 1440 opere,
438 1373 500 1421 tum
521 1363 608 1421 etiam
628 1363 699 1421 utile
718 1380 833 1438 parum:

37 1461 152 1518 turbam
173 1460 250 1518 euim
271 1460 357 1518 modo
379 1470 546 1538 congregat,
561 1479 597 1517 ex
618 1479 676 1536 qua
698 1459 761 1518 sine
779 1459 836 1517 dis-

38 1557 161 1616 crimine
174 1566 297 1633 occupet
309 1557 470 1633 proximum
486 1558 628 1632 quodque.

76 1655 106 1714 8.
134 1654 228 1714 Nobis
243 1667 337 1714 autem
351 1657 432 1732 copia
446 1656 627 1732 cumjudt'ca’o
639 1657 768 1734 paranda
781 1666 835 1729 est,

36 1753 97 1810 rim
110 1753 221 1824 orandi,
236 1771 294 1810 non
309 1753 521 1810 circulatoriam
534 1754 742 1813 volubilitatem
756 1773 836 1830 spec·

33 1849 173 1908 tentibus.
215 1847 249 1906 Id
265 1859 359 1907 autem
374 1868 583 1925 consequemur
601 1851 707 1928 optima
720 1850 836 1927 legendo

35 1955 125 2024 utque
140 1945 288 2004 audiendo.
330 1945 399 2002 Non
421 1945 500 2004 enim
519 1947 611 2008 solum
634 1947 753 2005 nomina
774 1948 836 2022 ipsa

32 2060 136 2100 rerum
160 2059 368 2118 cognoscemus
386 2042 441 2100 hac
462 2061 541 2114 cura,
563 2043 612 2100 sed
633 2042 682 2100 cui
701 2043 836 2118 quodque

5 2137 104 2196 .loco
131 2137 169 2196 sit
196 2138 381 2213 aptissimum.
440 2139 467 2196 9.
496 2137 640 2196 Omnibus
671 2138 749 2196 enim
776 2139 836 2196 fere

30 2235 143 2307 verbis,
157 2247 259 2312 praeter
273 2255 375 2312 pauca,
390 2255 453 2312 quea
467 2246 533 2294 sunt
546 2255 648 2312 parum
661 2237 835 2309 verecunda,

31 2333 62 2390 in
86 2332 220 2390 oratioue
239 2330 321 2390 locus
347 2342 397 2390 est.
438 2330 469 2389 N
472 2351 517 2390 am
542 2331 694 2407 scriptores
720 2332 836 2408 quidem

30 2429 201 2486 iamborum
228 2428 386 2503 veterisque
414 2428 561 2486 comedis
596 2428 683 2486 etiam
716 2429 746 2487 in
779 2429 837 2488 illis

30 2542 115 2602 saepe
130 2523 297 2582 laudantur:
319 2524 369 2582 sed
383 2523 467 2581 nobie
480 2533 609 2582 nostrum
629 2543 702 2600 opus
721 2525 837 2584 interim

28 2619 116 2679 tueri
135 2630 178 2678 sat
200 2629 251 2678 est.
271 2678 272 2682 ,
292 2619 400 2678 Omnia
415 2621 511 2692 verba,
529 2621 656 2696 exceptis
674 2622 711 2679 de
732 2623 837 2697 quibus

29 2717 109 2788 dixi,
126 2727 193 2774 sunt
214 2717 320 2774 alicubi
340 2717 463 2792 optima:
484 2735 552 2774 uam
571 2726 600 2774 et
620 2717 776 2775 humilibus
796 2718 837 2776 in·

26 2815 126 2873 terim
152 2823 182 2870 et
208 2813 371 2890 vulgaribus
398 2832 481 2889 opus,
503 2822 532 2870 et
558 2833 620 2889 quae
648 2813 783 2871 nitidiore
804 2813 835 2871 in
936 2807 940 2814 ’

24 2919 122 2988 parte
148 2907 280 2966 videntur
307 2908 431 2979 sordida,
452 2907 502 2965 ubi
529 2927 574 2965 res
600 2908 702 2982 poscit,
722 2906 836 2981 proprie

24 3009 188 3068 dicuntur.
230 3003 276 3064 10.
297 3003 372 3064 Haec
387 3013 420 3061 ut
428 3003 563 3074 sciamus,
572 3011 657 3076 atque
666 3017 766 3058 eorum
776 3013 836 3053 non
