1984 3342
255 237 678 292 rrvsr.oaanon.ms.x1.s.
807 237 865 298 lat

62 409 119 451 suo
137 391 273 498 jungens,
294 392 420 451 remissis
440 394 558 468 ceteris,
575 405 618 453 est
637 405 666 454 et
687 395 865 472 approbanti

62 487 129 562 bus,
152 499 181 547 et
207 489 396 562 narrantibus,
418 499 447 548 et
472 491 713 569 distinguentibus
733 493 862 552 decorus.

63 585 133 644 102.
156 583 213 643 cei
237 604 295 642 non
323 586 478 659 dissimilis,
499 587 550 645 sed
577 589 746 665 compressis
771 591 863 648 tribus

61 681 173 760 digitis,
188 701 245 759 quo
259 700 336 740 nunc
350 683 446 741 Greci
459 685 613 760 plurimum
633 687 863 758 utuntur,'etiam

60 789 186 854 utraque
212 797 307 851 manu,
329 780 441 855 quoties
467 781 678 858 enthymemata
703 801 755 840 sua
780 793 862 860 gestu

59 875 141 936 velut
157 876 369 934 corrotundant.
412 877 516 935 Oaesim
529 897 629 936 manus
642 879 733 936 lenior
746 881 862 956 promit·
933 895 942 914 ⁸

59 972 96 1029 tit
111 981 140 1030 et
156 982 322 1045 assentatur,
338 973 449 1032 citatior
470 974 607 1046 hortatur,
622 975 735 1032 interim
755 977 860 1036 laudat.

61 1067 118 1127 Est
144 1077 173 1126 et
201 1069 249 1127 ille
276 1069 403 1146 urgentis
430 1071 587 1128 orationem
614 1081 711 1148 gestus
737 1072 861 1148 vulgaris

60 1166 166 1242 magis,
181 1185 266 1242 quam
281 1183 314 1224 ex
330 1155 400 1240 arte,
415 1167 463 1242 qui
478 1167 620 1227 contrahit
635 1167 743 1224 alterno
762 1170 861 1226 celeri·

59 1281 119 1337 que
146 1273 225 1319 motu
245 1274 274 1320 et
294 1264 417 1340 explicat
437 1279 562 1320 manum.
605 1263 669 1320 103.
691 1263 742 1320 Est
762 1274 791 1320 et
810 1264 860 1322 illu

59 1376 134 1417 cava
160 1371 188 1418 et
207 1379 280 1428 rara,
303 1369 331 1418 et
350 1379 436 1436 supra
455 1359 566 1417 humeri
588 1359 765 1417 altitudinem
785 1360 860 1418 elata

59 1473 129 1513 curn
158 1455 280 1530 quodam
308 1467 386 1514 rnotu
413 1457 489 1514 velut
516 1455 654 1513 hortatrix
679 1475 788 1513 manus
830 1457 859 1515 A

57 1551 219 1630 peregrinis
240 1552 345 1610 scholis
364 1563 459 1610 tamen
480 1571 567 1628 prope
593 1563 708 1629 recepta
727 1554 858 1626 tremula,

57 1651 179 1714 scenica
205 1661 255 1708 est.
296 1649 420 1727 Digitos,
443 1669 510 1707 cum
529 1651 633 1707 summi
660 1650 801 1722 coierunt,
823 1650 859 1708 ad

57 1765 112 1804 nos
132 1746 247 1818 referre,
269 1766 320 1804 cur
347 1745 516 1822 quibusdam
543 1747 729 1823 displicuerit,
750 1747 857 1806 nescio.

57 1841 136 1902 Nam
160 1843 189 1900 id
208 1855 237 1901 et
256 1843 355 1901 leviter
376 1843 558 1917 admirantes,
579 1855 608 1903 et
628 1845 743 1903 interim
762 1845 859 1903 subita

57 1940 268 2017 indignatione,
289 1941 366 1998 velut
391 1951 585 2016 pavescentes,
606 1951 635 1999 et
661 1942 857 2017 deprecantes,

58 2037 190 2096 iacimus.
234 2037 298 2094 104.
318 2037 402 2099 Quin
423 2056 614 2112 compressam
634 2039 721 2095 etiam
741 2057 857 2096 manum

58 2133 88 2192 in
109 2134 278 2210 paenitentia
291 2133 335 2192 vel
350 2134 393 2191 ira
405 2133 515 2209 pectori
530 2133 723 2204 admovemus,
739 2134 789 2190 ubi
801 2151 857 2192 vox
955 2166 963 2173 -

57 2231 103 2288 vel
118 2231 193 2288 inter
208 2230 307 2289 dentes
321 2249 453 2306 expressa
465 2249 523 2286 non
538 2229 668 2300 dedecet,
687 2228 771 2296 Quid
782 2247 856 2287 nunc

58 2329 171 2403 agam
216 2326 300 2396 Quid
315 2325 441 2403 facias?
483 2327 594 2383 Averso
614 2324 720 2400 pollice
741 2325 857 2382 demon·

58 2433 149 2481 strare
165 2422 296 2499 aliquem,
311 2433 457 2498 receptum
471 2422 562 2500 magis
574 2431 653 2497 puto,
668 2439 752 2497 quarn
766 2432 857 2479 orato

58 2521 83 2577 ri
113 2521 259 2578 decorum.
302 2519 366 2577 105.
389 2519 447 2578 Sed
475 2536 542 2577 cum
568 2519 661 2576 omnis
687 2527 781 2579 motus
807 2535 857 2578 sex

56 2626 155 2694 partes
175 2616 287 2688 habeat,
309 2616 445 2692 septimus
465 2617 502 2673 sit
523 2615 580 2687 ille,
602 2615 699 2691 quiin
721 2633 752 2673 se
771 2615 855 2688 redit,

57 2711 147 2784 orbis,
162 2711 264 2769 vitiosa
284 2723 327 2770 est
347 2731 404 2770 una
424 2711 641 2770 circumversio:
662 2711 775 2786 reliqui,
791 2722 856 2769 ante

57 2825 123 2878 nos,
137 2815 166 2864 et
179 2806 425 2883 dextra-laevaque,
439 2817 468 2865 et
481 2825 593 2864 sursum
607 2815 635 2862 et
655 2805 787 2862 deorsum
808 2805 857 2862 ali·

59 2902 130 2978 quid
145 2901 314 2961 ostendunt:
337 2903 367 2960 in
386 2903 543 2979 posteriora
563 2911 661 2978 gestus
680 2919 737 2958 non
757 2900 855 2975 dirigi·

58 3009 116 3058 tur.
157 2995 277 3058 Interim
290 3009 386 3057 tamen
399 2998 476 3056 velut
488 2997 570 3075 rejici
589 2997 668 3055 solet
711 2995 775 3053 1⁰6.
794 2993 854 3072 Op·

300 3092 363 3154 12*
