1984 3342
143 173 183 234 44
378 179 414 226 Μ.
433 177 504 224 FAB.
523 175 730 234 emanarant
751 178 756 185 '

185 328 230 387 19.
276 327 354 386 Nam
387 328 519 404 quaedam
552 338 619 386 sunt
651 325 813 398 imitabilia,
840 326 943 402 quibus

145 435 193 484 aut
208 425 356 482 infirmitas
370 434 479 481 naturae
500 443 559 482 non
579 423 712 496 sufficiat,
728 434 777 482 aut
796 422 943 481 diversitas

143 531 290 598 repugnet.
332 520 362 578 N
365 540 390 593 e,
400 521 449 578 cui
462 532 549 578 tenue
563 521 712 598 ingenium
726 521 789 592 erit,
802 521 866 578 sola
877 519 944 576 velit

145 618 228 678 sortia
242 627 271 674 et
286 617 423 693 abrupta:
445 617 494 674 cui
515 619 588 676 forte
609 617 735 692 quidem,
749 618 801 674 sed
822 616 943 673 indomi-

143 726 214 786 tum,
237 733 332 772 amore
359 715 524 772 subtilitatis
556 724 586 770 et
605 714 662 771 vim
683 733 765 770 suam
784 713 896 790 perdat,
917 722 944 769 et

143 811 323 888 elegantiam,
344 830 429 886 quam
457 810 546 885 eupit,
567 829 625 867 non
647 821 819 885 assequatur.
861 808 942 866 Nihil

143 917 186 964 est
206 907 282 964 enirn
303 918 362 964 tam
382 906 529 977 indecens,
551 925 636 981 quam
657 925 724 963 cum
750 906 847 963 mollia
874 907 943 963 dure

143 1004 222 1061 liunt.
263 1004 311 1061 20.
334 1003 430 1078 Atque
445 1021 501 1080 ego
514 1003 555 1059 illi
569 1003 749 1078 praeceptori,
765 1021 850 1077 quern
865 1003 959 1059 insti·'

143 1100 258 1156 tuebam
286 1100 314 1158 in
341 1099 415 1156 libro
440 1099 578 1170 secundo,
599 1099 710 1155 credidi
737 1118 795 1155 non
822 1117 857 1156 ea
883 1099 943 1156 sola

144 1196 274 1254 docenda
307 1215 379 1268 esse,
408 1196 443 1253 ad
478 1215 541 1271 quae
568 1213 710 1270 quemque
737 1195 942 1270 discipulorum

143 1303 244 1350 natura
265 1293 452 1368 compositum
474 1292 591 1348 videret.
633 1289 671 1348 Et
693 1291 825 1368 adjuvare
845 1291 941 1358 debet,

144 1408 206 1464 quae
223 1391 252 1446 in
267 1407 380 1464 quoque
401 1406 502 1444 eorum
522 1387 631 1445 invenit
651 1387 735 1458 bona,
750 1397 788 1458 et,
802 1398 942 1461 quantum
985 1458 987 1463 y

144 1485 204 1542 lieri
231 1495 333 1558 potest,
356 1483 488 1558 adjicere,
510 1501 572 1556 quae
599 1483 712 1553 desunt,
733 1492 762 1540 et
785 1483 941 1540 emendare
985 1468 986 1475 ἵ

143 1579 273 1654 quedam
288 1589 316 1635 et
330 1587 448 1634 mutare.
490 1577 601 1634 Rector
620 1579 698 1634 enim
719 1588 762 1635 est
782 1577 942 1636 alienorum

145 1673 325 1750 ingeniorum
346 1681 431 1746 atque
457 1672 610 1730 formator:
631 1673 775 1730 difficilius
797 1685 841 1731 est
861 1688 942 1732 natu·

143 1787 203 1826 ram
219 1786 298 1823 suam
312 1767 428 1843 fingere.
468 1768 517 1825 21.
538 1768 597 1825 Sed
611 1788 648 1826 ne
669 1769 717 1826 ille
737 1769 854 1844 quidem
875 1769 942 1828 doc-

144 1875 197 1934 tor,
212 1881 373 1938 quanquam
394 1864 501 1935 omnia,
516 1882 579 1939 quae
600 1875 680 1922 recta
699 1874 775 1936 suut,
791 1864 859 1922 velit
879 1885 941 1924 esse

144 1961 174 2018 in
188 1960 247 2016 suis
262 1959 439 2017 auditoribus
453 1980 538 2034 quam
552 1961 728 2037 plenissima,
740 1961 770 2018 iu
783 1979 820 2018 eo
833 1971 940 2034 tamen,
985 1996 986 2019 r

144 2057 192 2114 cui
205 2068 337 2115 naturam
352 2058 465 2115 obstare
479 2057 591 2129 viderit,
605 2057 754 2115 laborabit
985 2100 986 2155 q

183 2153 217 2212 Id
231 2173 344 2230 quoque
358 2154 516 2220 vitandum,
531 2153 633 2227 inquo
646 2172 750 2229 magna
768 2173 835 2228 pars
855 2166 939 2226 errat,
985 2158 987 2227 l

143 2269 181 2310 ne
195 2251 225 2308 in
239 2252 369 2308 oratioue
382 2255 483 2326 politas
503 2250 587 2306 nobis
607 2259 635 2306 et
656 2249 817 2321 historicos,
831 2250 863 2307 in
884 2251 941 2308 illis
985 2230 987 2285 l

143 2347 276 2422 operibus
309 2357 434 2403 oratores
469 2355 517 2402 aut
550 2345 754 2402 declamatores
787 2346 942 2404 imitandos

143 2453 283 2520 putemus.
329 2443 376 2500 22.
400 2443 460 2498 Sua
486 2442 591 2516 cuique
616 2442 762 2517 proposita
788 2442 843 2514 lex,
871 2462 941 2500 suus
985 2444 986 2495 ἶ

144 2537 248 2612 cuique
261 2537 348 2594 decor
362 2547 413 2594 est.
453 2535 531 2593 Nam
552 2537 693 2594 comoedia
712 2557 769 2595 non
791 2539 941 2596 cothurnis
985 2522 986 2525 Ἴ

145 2633 276 2710 assurgit,
290 2651 346 2690 nec
366 2642 465 2690 eontra
485 2634 624 2710 tragoedia
637 2635 755 2691 soeculo
769 2634 937 2711 ingreditur.

144 2727 241 2786 Habet
254 2741 349 2786 tamen
363 2728 456 2785 omnis
469 2728 633 2802 eloquentia
647 2729 753 2803 aliquid
767 2749 940 2787 commune:

144 2823 298 2890 imitemur,
321 2823 398 2898 quod
425 2841 578 2879 commune
604 2833 654 2880 est.
694 2824 742 2881 23.
764 2825 859 2882 Etiam
882 2826 940 2884 hoc
985 2819 987 2890 ζ

142 2920 216 2981 solet
236 2919 410 2980 incommodi
431 2918 564 2979 accidere
583 2918 635 2992 eis,
656 2919 756 2994 quise
776 2921 828 2980 uui
849 2921 940 2980 alicui
