1984 3342
229 228 313 276 uisu.
332 227 469 276 onsuon.
489 227 550 274 rm.
570 228 602 275 x.
621 229 642 275 ι.
797 219 832 278 ll

46 377 196 452 oculorum,
213 378 362 454 intelligo:
389 396 445 436 nec
469 387 502 436 ut
523 397 619 436 mucro
642 377 771 455 gladium
790 376 835 436 sic

44 493 190 534 mucronem
213 475 325 552 gladius
351 475 484 532 ostendit.
539 476 585 532 15.
606 475 666 532 Sed
692 485 725 532 ut
750 474 835 550 copia

44 573 188 630 verborum
207 573 249 629 sic
269 583 395 648 paratur,
415 572 455 628 ita
474 591 534 628 non
551 572 703 628 verborum
722 581 834 629 tanturn

43 668 129 744 gratia
140 669 294 746 legendum
310 669 353 726 rel
369 669 546 726 audiendum
560 678 612 726 est.
652 667 683 725 N
685 687 730 724 am
743 668 835 726 omni·

42 782 94 837 um,
129 783 308 840 quecunque
341 765 488 836 docemus,
516 765 573 822 hoc
604 775 672 822 sunt
704 765 835 840 exempla

41 861 196 934 potentiora
220 861 305 918 etiam
332 861 412 937 ipsis,
437 881 501 936 qum
527 861 689 932 traduntur,
715 861 833 932 artibus,

42 974 103 1014 curn
130 976 174 1028 eo,
189 957 238 1032 qui
260 958 355 1028 discit,
377 958 534 1033 perductus
553 968 606 1030 cst,
621 968 653 1016 ut
673 957 834 1034 intelligere

40 1070 71 1110 ca
86 1055 149 1111 sine
169 1055 393 1121 demonstrante,
415 1063 443 1111 et
464 1054 547 1129 sequi
565 1054 625 1130 jam
646 1055 705 1111 suis
725 1055 834 1112 viribus

40 1153 142 1226 possit:
170 1153 247 1228 quia,
276 1173 339 1228 quas
367 1153 466 1210 doctor
493 1154 640 1228 praecepit,
669 1163 764 1210 orator
790 1172 835 1211 os·

39 1250 135 1308 tendit.

77 1347 121 1404 16.
151 1346 219 1404 Alia
244 1365 311 1404 vero
335 1346 493 1417 audientes,
516 1345 571 1403 alia
591 1344 720 1422 legentes
742 1344 835 1422 magis

39 1442 178 1518 adjuvant.
220 1443 346 1510 Excitat,
372 1443 421 1518 qui
447 1443 528 1514 dicit,
553 1443 655 1517 spiritu
680 1442 754 1518 ipso,
778 1461 835 1500 nec

38 1537 162 1616 imagine
188 1549 218 1596 et
245 1540 353 1596 ambitu
379 1559 484 1610 rerum,
505 1538 556 1597 sed
583 1541 669 1596 rebus
696 1539 833 1598 incendit

36 1631 146 1693 Vivunt
166 1635 262 1693 omnia
282 1636 369 1708 enim,
389 1647 417 1694 et
439 1648 598 1708 moventur,
618 1638 835 1713 excipimusque

36 1749 108 1790 nora
134 1732 193 1804 illa,
207 1732 285 1789 velut
304 1733 462 1804 nascentia,
477 1753 544 1790 cum
565 1733 660 1792 lavore
681 1753 716 1791 ac
739 1735 834 1793 solici-

34 1829 144 1886 tudine.
186 1826 217 1885 N
219 1847 253 1885 ec
266 1828 381 1886 fortuna
395 1829 481 1885 modo
493 1829 606 1905 judicii,
622 1831 773 1888 sedetiam
794 1831 836 1907 ip·

36 1943 143 1997 sorum,
155 1925 205 1999 qui
219 1934 310 1996 orant,
325 1925 456 2000 periculo
470 1927 617 1984 afficimur.
662 1929 706 1985 17.
727 1927 835 1986 Prater

34 2022 107 2094 haec,
122 2041 180 2080 vox
200 2031 229 2080 et
249 2022 326 2079 actio
348 2022 463 2094 decora,
483 2023 645 2094 commoda,
659 2034 692 2081 nt
712 2024 833 2098 quisque

33 2117 117 2176 locus
138 2117 303 2194 postulabit,
327 2119 550 2194 pronunciandi,
571 2119 615 2176 vel
637 2120 835 2195 potentissima

32 2214 60 2272 in
88 2215 229 2286 dicendo,
256 2215 339 2287 ratio,
363 2226 401 2288 et,
430 2226 461 2273 ut
487 2216 574 2273 semel
601 2215 706 2286 dicam,
730 2216 835 2291 pariter

33 2312 144 2382 omnia,
173 2311 286 2369 docent.
338 2312 374 2370 In
400 2312 526 2369 lectione
553 2312 660 2370 certius
681 2312 834 2388 judicium,

32 2409 111 2482 quod
129 2407 259 2465 audienti
279 2409 441 2483 frequenter
464 2418 513 2466 aut
532 2427 601 2466 suus
621 2409 726 2484 cuique
747 2409 834 2483 lavor,

33 2515 81 2562 aut
92 2505 149 2562 ille
162 2503 341 2562 laudantium
355 2505 463 2562 clamor
477 2516 633 2581 extorquet.
677 2507 721 2564 18.
742 2507 836 2565 Pudet

30 2604 111 2660 enim
128 2601 291 2674 dissentire,
300 2613 329 2661 et
339 2605 416 2662 velut
429 2604 517 2662 tacita
530 2605 653 2680 quadam
662 2606 837 2664 verecundia
890 2597 897 2608 ’

29 2698 203 2756 inhibemur
224 2699 288 2774 plus
312 2686 395 2759 nobis
419 2700 546 2772 credere,
572 2719 638 2758 cnm
665 2701 780 2758 interim
807 2712 837 2758 et

26 2799 143 2856 vitiosa
156 2797 285 2872 pluribus
298 2799 439 2874 placeant,
454 2808 483 2856 et
504 2817 522 2856 a
541 2799 699 2876 corrogatis
718 2799 837 2856 lauden·

26 2904 73 2954 tur
89 2893 265 2968 etiamque
278 2913 336 2952 non
349 2895 471 2971 placent.
515 2896 560 2953 19.
583 2895 671 2952 Sede
692 2893 835 2951 contrario

24 3007 157 3070 quoque
183 2989 352 3064 accidit‚.ut
374 2991 481 3068 optime
504 2989 590 3048 dictis
608 2989 844 3064 gratiamprrra
