1984 3342
193 276 250 337 128
413 282 448 331 ar.
468 280 762 340 insonaturum

187 433 238 491 dia
258 432 388 491 facienda
408 433 517 506 lentior,
532 434 599 510 quia
618 451 677 491 non
697 431 756 490 fere
777 429 813 489 ad
831 428 899 488 hanc
916 428 965 488 nisi

190 530 339 588 inferiores
366 531 553 607 confugiunt:
581 540 610 587 at
636 530 666 587 in
692 527 870 600 blandiendo,
887 528 966 585 saten-

190 626 237 699 do,
265 626 474 699 satisfaciendO,
502 626 639 703 rogando,
667 625 736 683 lenis
768 634 797 683 et
829 624 966 681 summissu.

189 722 238 781 64.
260 722 457 794 Suadentium,
472 732 501 779 et
521 721 707 794 monentium,
729 730 758 778 et
776 720 966 796 pollicentium,

191 832 220 877 et
233 818 440 876 consolantium
458 820 569 894 gravis.
610 817 645 875 In
665 808 744 875 metu
764 827 792 874 et
811 815 969 875 verecundia

185 923 346 987 'contracta
362 914 606 972 adhortationibus
618 912 723 990 fortis,
744 912 969 989 disputationibus

190 1020 271 1084 teras,
300 1011 481 1068 miseratione
500 1009 580 1086 fleca
606 1019 635 1067 et
652 1008 770 1085 flebilis,
797 1018 825 1066 et
850 1007 969 1065 consulto

191 1107 272 1185 quasi
297 1107 464 1164 obscurior:
500 1116 527 1164 at
553 1105 583 1163 in
611 1105 821 1182 egressionibus
838 1103 922 1181 susa,
945 1112 969 1159 et

190 1222 298 1263 securae
327 1203 471 1275 claritatis,
493 1202 524 1260 in
551 1202 729 1278 expositione
750 1220 784 1257 ac
804 1201 970 1257 sermonibus

190 1309 278 1368 recta,
300 1310 329 1357 et
349 1300 421 1357 inter
442 1310 557 1356 acutum
577 1315 679 1355 sonum
699 1308 727 1355 et
747 1316 860 1375 gravem
878 1296 972 1354 media.

189 1398 237 1456 65.
259 1396 414 1453 Attollitur
428 1405 523 1453 autem
536 1395 688 1453 concitatis
702 1394 859 1464 affectibus,
870 1409 975 1468 compo·

189 1494 252 1555 sitis
272 1496 422 1567 descendit,
436 1514 487 1571 pro
501 1495 649 1570 utriusque
668 1493 711 1551 rei
730 1493 816 1552 modo
836 1492 920 1550 altius
938 1490 976 1547 vel

190 1590 315 1649 inferius.

228 1686 311 1748 Quid
326 1696 419 1744 autern
434 1686 554 1762 quisque
568 1685 598 1744 in
612 1684 735 1744 dicendo
748 1685 873 1761 postulet
892 1685 979 1750 locus,

188 1782 305 1858 paulum
325 1782 463 1854 differam,
484 1792 516 1839 ut
536 1783 572 1839 de
591 1793 673 1860 gestu
692 1783 771 1858 prius
797 1782 911 1839 dicam:
939 1779 981 1855 qui

189 1889 219 1935 et
238 1878 298 1954 ipse
317 1879 380 1937 voci
401 1879 553 1950 consentit,
574 1890 603 1936 et
624 1880 719 1937 animo
746 1895 812 1935 curn
839 1896 876 1935 ea
904 1874 981 1935 simul

189 1985 277 2051 paret.
318 1973 348 2031 Is
375 1984 511 2049 quantum
531 1974 634 2032 babeat
653 1975 684 2031 in
703 1984 816 2031 oratore
835 1971 982 2035 momenti,

190 2071 257 2129 satis
276 2070 322 2151 vel
341 2088 376 2127 ex
396 2088 430 2127 eo
449 2080 536 2146 patet,
551 2070 626 2145 quod
645 2070 790 2145 pleraque,
805 2068 899 2127 etiam
921 2069 984 2126 citra

189 2168 283 2238 verba,
298 2166 447 2243 significat.
488 2166 535 2223 66.
556 2164 674 2241 Quippe
687 2184 746 2222 non
765 2184 872 2222 manus
886 2165 984 2232 solnm,

189 2263 240 2320 sed
253 2271 339 2319 nutus
353 2262 438 2319 etiam
453 2262 600 2319 declarant
612 2271 739 2318 nostram
753 2260 949 2331 voluntatem,
962 2267 984 2314 et

189 2358 219 2415 in
234 2358 319 2415 mutis
332 2376 383 2434 pro
397 2375 528 2415 sermone
548 2368 623 2429 sunt,
638 2367 666 2414 et
686 2357 799 2414 saltatio
818 2356 984 2431 frequentet

189 2454 251 2512 sine
271 2472 341 2511 voce
361 2454 528 2531 intelligitur
543 2463 627 2529 atque
648 2453 744 2525 afficit,
759 2462 787 2509 et
800 2470 838 2509 ex
853 2453 943 2509 vultu
956 2451 990 2508 in-

189 2568 343 2628 gressuque
362 2551 531 2628 perspicitur
551 2550 664 2608 habitus
685 2551 867 2608 animorum:
892 2560 926 2608 et
948 2573 969 2599 .ι

188 2648 306 2704 malium
326 2666 438 2723 quoque
458 2665 589 2704 sermone
602 2661 604 2668 ·
616 2647 774 2704 carentium
801 2646 859 2715 ira,
883 2645 980 2704 laetiti

190 2744 314 2801 adulatio
328 2754 357 2802 et
369 2744 461 2801 oculis
475 2754 503 2802 et
517 2743 685 2818 quibusdam
700 2743 761 2800 aliis
781 2743 927 2819 corporis
947 2740 986 2814 sig

189 2839 235 2897 nis
255 2840 483 2915 deprehenditur.
524 2840 580 2919 67„
593 2838 660 2896 Nec
674 2840 787 2910 mirum,
802 2839 826 2895 si
845 2839 924 2911 ista,
940 2855 988 2912 qu

189 2946 285 3018 tamen
298 2936 328 2993 in
343 2936 437 3011 aliquo
449 2935 620 3010 posita'sunt
640 2946 728 3008 motu,
742 2945 861 2992 tantum
884 2936 924 2993 in
953 2973 957 2983 ·
980 2928 991 2998 ⁸.

189 3032 245 3093 ruis
257 3032 352 3093 vdent
361 3052 369 3105 ς
390 3048 457 3091 eum
475 3031 597 3109 pictura,
611 3042 710 3092 tacens
729 3050 811 3111 opus,
827 3046 864 3093 et
879 3031 960 3092 habi
977 3053 980 3076 ι
