1984 3342
239 247 324 298 ΠΜ.
343 247 481 296 ostoun.
501 247 564 296 nrt
582 247 614 296 Χ.
632 247 655 296 8.
807 239 847 303 51
956 264 960 270 ’

50 409 176 478 tempore
189 399 338 470 scribunt3
359 399 435 458 hunc
449 399 553 460 siloam
570 408 694 458 vocant:
714 409 849 477 repetunt

50 497 162 570 deinde,
176 507 206 556 et
220 507 407 574 componunt,
421 515 486 572 qne
499 496 677 556 effuderunt:
697 498 749 556 scd
762 497 850 556 verbu

50 594 235 653 emendantur
256 604 285 652 et
305 593 426 665 numeri,
447 604 545 653 munet
571 594 602 652 in
629 595 715 653 rebus
739 605 849 654 temere

50 691 204 768 congestis,
225 710 289 766 quae
316 689 380 758 fuit,
401 691 510 750 levitas.
553 691 599 750 18.
620 691 758 749 Protinus
778 709 849 768 ergo

51 788 183 846 adhibere
204 805 303 846 curum
323 787 432 848 rectius
451 789 517 861 erit,
539 799 624 865 utque
645 790 681 848 ob
700 789 786 848 initio
805 789 850 850 sio

50 903 119 961 opus
132 885 250 956 ducere,
265 894 297 942 ut
317 884 488 957 celandum,
502 903 561 944 non
581 904 619 944 ex
638 886 751 964 integro
765 886 850 946 fabri·

50 982 172 1040 cundum
205 982 249 1040 sit.
291 981 458 1056 Aliquando
487 991 584 1041 tumen
611 982 731 1041 affectus
756 982 851 1058 sequi·

49 1099 121 1152 mur,
136 1079 166 1138 in
181 1079 286 1154 quibus
306 1079 366 1140 sere
384 1079 450 1155 plur
471 1079 560 1152 calor,
581 1099 669 1156 qnam
688 1080 849 1157 diligentia,

49 1177 128 1239 ruet.

86 1274 164 1332 Setis
185 1283 300 1351 apparet
327 1293 363 1334 ex
389 1291 434 1342 ec,
455 1274 533 1349 qnod
559 1272 636 1331 bunc
661 1272 849 1332 scribentium

48 1369 252 1447 negligentiam
266 1369 382 1442 damno,
393 1369 462 1444 quid
473 1368 510 1426 de
523 1366 581 1435 illis
594 1367 723 1426 dictandi
736 1366 850 1427 deliciis

49 1467 179 1526 sentiam.
222 1467 267 1526 19.
289 1465 367 1524 Num
395 1466 426 1524 in
453 1465 521 1524 stilo
547 1465 665 1541 quidem
691 1464 850 1540 quamlibet

48 1573 199 1642 properato
226 1564 275 1622 dat
302 1563 427 1640 aliquam
454 1562 626 1641 cogitationi
652 1581 763 1622 morsm
788 1581 850 1621 non

50 1679 229 1736 consequens
243 1661 419 1722 solenitatem
432 1660 495 1736 ejus
508 1679 626 1718 mcum:
647 1660 707 1732 ille,
720 1659 771 1718 cui
790 1659 850 1718 dic

49 1768 151 1830 tamus,
166 1768 259 1836 urget,
275 1770 359 1834 etque
373 1757 488 1817 interim
503 1759 592 1834 pudet
604 1758 693 1816 etium
706 1758 848 1829 dubitare,

49 1867 96 1916 ont
110 1856 254 1928 resistere,
270 1865 319 1914 aut
332 1866 455 1928 mutare,
470 1857 553 1931 quasi
567 1855 719 1914 conscium
732 1854 852 1914 infirmi·

49 1953 114 2020 trtir
128 1962 234 2010 nostrie
247 1953 392 2012 timentes.
433 1952 481 2011 20.
503 1953 574 2015 Quo
588 1952 630 2023 fit,
644 1962 677 2010 ut
691 1970 751 2010 non
766 1951 850 2010 rudia

48 2059 171 2122 tontum,
191 2040 220 2110 et
240 2050 365 2122 fortuita,
387 2050 436 2108 sed
458 2048 615 2125 impropria
634 2048 760 2119 interim,
781 2048 851 2104 dum

49 2149 107 2208 sois
121 2160 167 2206 est
181 2147 373 2206 connectendi
387 2147 528 2206 sermonis
541 2145 695 2223 cupiditas,
710 2145 849 2202 effluant:

48 2265 109 2320 qnae
145 2264 201 2303 nec
233 2245 423 2304 scribentium
456 2261 566 2315 curam,
600 2261 656 2300 nec
689 2241 849 2300 dicentium

48 2341 186 2418 impetum
201 2352 420 2417 consequuntur.
462 2341 504 2398 At
517 2340 594 2398 idem
608 2338 666 2412 ille,
676 2337 727 2413 qui
736 2337 851 2414 excipit,

49 2439 72 2498 si
90 2439 201 2498 tardior
223 2439 253 2496 in
274 2439 438 2509 scribendo,
460 2446 510 2496 aut
530 2437 647 2495 inertior
668 2436 699 2494 in
717 2436 851 2513 legendo,

48 2537 126 2595 velut
154 2537 307 2594 offensator
336 2536 432 2608 suerit,
459 2535 607 2593 inhibetur
634 2552 745 2606 cursus,
768 2544 853 2609 utque

49 2635 154 2706 omnis,
169 2653 233 2710 quae
254 2642 325 2706 erat,
340 2643 483 2708 concepta
503 2632 609 2690 mentis
629 2631 753 2690 intentio
773 2650 854 2690 morn

49 2741 76 2788 et
89 2731 236 2790 interdum
257 2731 409 2790 iracundia
428 2729 582 2788 excutitur.
623 2729 671 2787 21.
693 2728 774 2788 Tum
795 2728 854 2800 illa,

50 2845 111 2902 quae
140 2828 271 2888 citiorem
292 2828 381 2886 animi
408 2837 518 2884 motum
545 2837 713 2903 sequuntur,
735 2843 855 2900 quaeqne

50 2922 111 3000 ipro
125 2926 253 2985 animuin
274 2923 486 3001 quodammodo
505 2923 664 2992 concitant,
677 2937 797 2995 qnorum
812 2926 856 2974 est

51 3021 163 3099 jactare
185 3041 314 3096 menum,
334 3033 468 3098 torquere
491 3019 612 3090 vultum,
632 3015 717 3076 simul
743 3020 855 3069 vertere
