1984 3342
159 245 218 306 len
309 321 311 326 .
380 251 733 310 nnnaouuarnranr

157 397 286 466 orme.
327 403 375 477 Et,
390 421 428 462 nc
440 419 546 478 morer,
560 401 814 480 unumquisque
827 399 873 461 rel
887 399 950 472 hcc,
985 420 988 435 ·

157 497 202 558 rel
224 498 311 571 eliud,
326 499 404 576 quod
423 499 508 568 volet,
521 517 574 578 per
586 519 688 558 omna
708 499 829 560 affectus
841 508 951 557 verset:

157 613 256 656 rerum
270 613 343 668 esse,
357 595 434 673 qnod
447 596 582 668 dicrmns,
596 597 677 656 sciet

197 694 263 754 177.
290 692 387 752 Unum
398 693 459 771 jam
472 693 518 752 his
529 693 723 771 adjiciendum
736 701 790 767 est,
804 700 874 750 cn'm
886 711 954 769 pre·

157 788 243 866 cipue
256 789 287 848 in
301 789 414 848 actione
427 799 571 868 spectetur
585 790 683 862 decor,
697 807 773 866 saepe
786 788 865 846 aliud
886 788 955 847 alios

158 885 269 946 decere.
310 886 364 946 Est
376 887 453 946 enim
466 887 559 946 latens
572 886 702 963 quaedam
716 886 746 944 in
759 885 818 942 hoc
830 885 915 957 ratic,
928 893 955 942 et

158 981 373 1044 inenarrabilis:
401 993 430 1046 et
456 993 489 1043 nt
507 1001 574 1042 rere
588 983 644 1042 hoe
664 983 774 1042 dictum
795 992 849 1055 est,
870 989 955 1060 eaput
987 1022 988 1033 r

157 1099 225 1154 crac,
245 1080 338 1140 decere
357 1080 434 1158 quod
442 1079 566 1157 facins,-
590 1080 631 1138 ita
650 1079 680 1139 id
699 1097 795 1155 neque
814 1080 880 1138 eine
900 1089 955 1136 arte

158 1196 231 1251 esne,
239 1196 333 1254 neque
346 1187 436 1238 toturn
451 1187 511 1247 arte
523 1178 598 1235 tradi
610 1186 712 1255 potest
760 1176 827 1236 178.
848 1175 885 1234 In
899 1175 956 1252 qui·
987 1142 989 1227 Ι

157 1275 278 1336 busdam
297 1274 417 1334 virtutes
436 1293 495 1334 non
515 1273 624 1332 habent
643 1273 775 1351 gratiam,
790 1273 821 1330 in
842 1272 957 1349 quibus·
987 1274 989 1311 i

157 1372 223 1432 dam
236 1371 305 1431 vitia
319 1371 541 1448 ipsedelectant.
574 1369 719 1428 Maximus
732 1380 956 1428 actorescomoe·
987 1408 989 1443 r

157 1467 279 1539 diarum,
293 1467 472 1527 Demetrium
485 1477 515 1526 et
528 1467 697 1535 Stratoclea,
711 1466 827 1544 placere
841 1465 957 1526 dirersis
987 1446 989 1480 Ι

156 1564 309 1622 virtutibus
322 1565 453 1624 vidimus.
495 1565 555 1623 Sed
568 1563 639 1622 illud
649 1564 745 1622 minuc
754 1563 872 1635 mirum,
883 1560 958 1639 qnod

158 1661 229 1719 alter
242 1659 321 1733 deor,
335 1671 364 1720 et
374 1661 504 1738 juvenes,
518 1671 549 1720 et
566 1662 657 1719 bonos
675 1672 780 1737 patrer,
795 1665 957 1736 senosque,

158 1766 187 1815 et
207 1767 359 1829 mannans,
379 1767 409 1816 et
435 1777 536 1836 graves
556 1777 627 1817 anus
646 1758 764 1834 optime,
785 1756 859 1815 alter
878 1775 959 1816 acres

158 1871 251 1925 cenes,
265 1853 384 1911 callidos
397 1871 504 1922 servos,
516 1855 667 1931 parasitos,
677 1855 807 1926 lenones,
818 1864 849 1912 et
861 1854 959 1912 omnia

158 1950 309 2028 agitatiora
334 1951 444 2010 melius.
495 1949 565 2010 Fuit
591 1952 669 2010 eninr
700 1961 805 2010 natura
837 1951 958 2009 diversa.

157 2047 187 2108 N
190 2066 235 2108 am
248 2066 302 2106 ron
314 2065 429 2124 quoque
441 2047 583 2107 Demetrii
593 2046 758 2126 jucundior,
772 2048 851 2106 illius
866 2049 959 2107 acrior

157 2155 226 2206 orat.
268 2146 336 2205 179.
355 2144 536 2204 Annotandae
556 2145 648 2223 magis
673 2144 873 2222 proprietates,
894 2165 959 2222 quer
987 2136 989 2215 ὲ

157 2243 303 2302 transferri
323 2260 381 2300 non
400 2252 541 2319 poterant,
555 2262 657 2301 manns
673 2243 793 2320 jactare,
808 2251 838 2300 et
858 2242 960 2302 dulces
987 2254 988 2261 ’

157 2339 379 2399 exclamationes
398 2337 503 2398 theatri
522 2358 611 2398 cansa
628 2339 798 2416 producere,
813 2347 843 2398 et
864 2339 961 2426 ipgre-
987 2358 989 2416 ξ

157 2436 264 2494 diendo
283 2445 398 2494 ventum
419 2436 573 2514 concipere
592 2447 680 2508 veste,
701 2447 731 2495 et
750 2455 961 2513 nonnunquam
987 2422 989 2457 1

158 2533 258 2592 dextm
271 2534 359 2593 latere
372 2533 468 2593 facere
481 2545 595 2612 gestus:
616 2534 694 2610 qnod
707 2534 854 2592 neminem
869 2535 961 2593 aiium
987 2544 988 2593 ἐ

156 2639 259 2708 preter
272 2630 450 2692 Demetrium
464 2631 579 2690 decuit:
599 2649 724 2707 namque
737 2631 768 2689 in
781 2631 844 2689 haec
858 2632 963 2690 omnia

157 2735 265 2786 statura
290 2737 320 2786 et
338 2727 411 2786 mira
429 2727 527 2804 specie
547 2727 738 2804 adjuvabatur.
781 2727 847 2786 180.
869 2726 962 2786 illurn
987 2750 989 2824 p

157 2843 268 2898 careus,
281 2833 311 2884 et
331 2824 452 2902 agilitas,
465 2833 495 2882 et
513 2823 558 2882 rei
577 2841 679 2900 parurn
698 2823 875 2883 conveniens
894 2844 964 2903 per·

157 2939 235 2984 sone
260 2920 335 2984 rinna
355 2918 455 2999 (quem
480 2937 540 2980 non
565 2919 683 3000 ignarus
707 2920 828 2981 rationis
846 2924 963 3001 populo
