1984 3342
239 227 322 276 men.
342 227 479 276 oumon
499 227 562 276 un.
581 227 613 276 ιι.
632 227 654 274 r.
805 219 848 280 ω

45 379 94 452 ris,
115 387 285 458 atemptare
305 379 418 438 dicendi
436 378 591 456 facultas:
611 397 699 455 quam
718 376 768 455 qui
787 397 847 438 nau

45 477 100 536 erit
119 488 303 550 consecutus,
324 495 390 535 mea
416 477 532 552 quidem
551 477 694 536 sententia
713 476 847 536 civilibus

45 574 148 632 officiis
161 574 353 646 renunciabit,
369 585 397 631 et
411 575 500 632 solam
514 574 660 632 scribendi
681 574 846 632 facultatem

44 671 140 747 potius
155 671 189 728 ad
211 671 265 730 elia
284 689 372 748 opera
388 681 547 734 ,convertet
588 671 647 730 Vix
666 671 744 730 enim
764 673 846 732 bons

46 767 111 825 fidei
125 768 186 825 vino
200 768 334 826 convenit
349 768 486 825 auxilium
500 768 531 826 in
540 768 689 845 pubiicum
701 769 844 845 polliceri,

46 863 120 938 quod
134 863 166 920 in
178 864 406 940 presentissimis
419 864 581 941 quibusque
599 865 735 942 perieulis
754 865 845 925 desit:

46 973 76 1020 ut
96 974 254 1022 monstrare
274 975 398 1040 portum,
420 964 455 1022 ud
476 983 562 1040 quem
588 965 669 1024 navis
696 966 844 1038 secedere,

45 1062 100 1120 nisi
119 1062 233 1120 lenibus
256 1063 348 1120 ventis
367 1073 459 1135 venta,
480 1082 539 1122 non
561 1064 660 1139 possit.
699 1065 729 1122 2.
750 1065 847 1139 Siqui-

46 1157 109 1216 dem
128 1158 350 1217 innumerabiles
372 1159 508 1218 accidunt
527 1161 630 1218 subitae
648 1160 845 1232 necessitates,

46 1255 88 1312 vel
110 1255 185 1331 apud
211 1256 467 1332 magistratusve]
495 1256 705 1332 representatis
727 1256 846 1332 judiciis

46 1352 184 1410 continuo
205 1352 316 1429 agendi.
357 1352 493 1416 Quarum
513 1353 539 1410 si
552 1371 619 1427 qus,
633 1372 691 1410 ιιοιι
705 1352 772 1412 dieo
784 1353 847 1412 eui·

47 1467 159 1525 cunque
186 1449 384 1508 innocentium
412 1449 531 1521 civium,
552 1450 603 1507 sed
631 1450 788 1508 amisorum
810 1467 845 1508 ss

45 1545 269 1622 propinquorum
291 1545 379 1603 alicui
399 1547 536 1619 evenerit,
551 1546 676 1605 stabitne
696 1557 801 1619 mutua,
816 1555 847 1605 at

46 1641 198 1700 salutarem
216 1644 380 1720 petentibus
400 1662 511 1716 vocem,
532 1644 638 1717 statim,
659 1644 762 1703 sinon
782 1663 848 1703 sue·

47 1750 185 1812 curratur,
195 1740 339 1816 perituris,
350 1759 445 1813 morus
457 1751 487 1800 et
500 1759 645 1800 secessum
658 1752 688 1801 et
701 1741 846 1800 silentium

47 1845 162 1911 quaeret,
182 1837 251 1894 dum
272 1837 321 1896 illa
340 1838 427 1896 verba
447 1837 632 1912 fabricentur,
653 1850 683 1898 et
701 1839 846 1898 memoriae

47 1933 179 2006 insidant,
200 1943 229 1993 et
249 1953 304 1992 vox
324 1953 358 1992 ac
384 1935 459 1992 latus
485 1937 681 2011 praeparetur?
720 1936 748 1993 3.
767 1936 847 1998 Quae

46 2049 111 2088 vero
124 2031 231 2107 patitur
246 2030 301 2089 boo
315 2031 398 2104 ratio,
412 2043 443 2088 ut
457 2032 610 2108 quisquam
623 2033 661 2090 sit
679 2043 776 2090 orator
795 2033 848 2089 inn-

46 2137 159 2202 paratus
174 2128 208 2185 ad
224 2128 328 2186 ansusi
367 2127 460 2200 Quid,
476 2147 544 2186 eum
558 2129 720 2186 adversario
731 2147 848 2204 respon·

47 2223 170 2282 deudum
199 2224 263 2296 erit,
284 2224 352 2282 fleat
392 2223 471 2282 Nam
491 2243 569 2301 sepe
587 2243 632 2296 ea,
653 2243 717 2300 que
737 2224 847 2300 opinati

46 2339 152 2393 sumus,
167 2330 197 2378 et
210 2335 311 2380 eontra
331 2339 394 2396 quae
414 2321 591 2397 seripsimus,
606 2321 717 2393 fallunt,
733 2340 767 2380 ae
786 2331 848 2381 tuta

46 2418 141 2476 subito
164 2436 252 2476 eausa
271 2427 397 2476 mutatur
407 2438 415 2489 ;
444 2428 530 2494 atque
549 2428 582 2476 ut
601 2419 784 2496 gubernatori
811 2421 848 2480 sd

46 2513 179 2571 incursus
206 2524 416 2590 tempestatum,
438 2514 481 2572 sie
509 2515 605 2591 agenti
626 2516 662 2574 ad
681 2515 848 2576 varietatem

46 2628 197 2668 cansarum
211 2610 284 2668 ratio
297 2611 434 2670 mutanda
448 2619 499 2670 est.
540 2613 568 2670 4.
587 2612 672 2674 Quid
684 2615 850 2689 porromul·

46 2716 88 2764 tus
112 2707 205 2780 stilus,
230 2717 259 2766 et
284 2708 398 2766 assidua
418 2709 516 2782 leutio,
531 2719 560 2767 et
580 2709 668 2787 longa
689 2711 849 2770 studiorum

46 2813 110 2862 astas
133 2805 212 2878 facit,
234 2805 258 2863 si
279 2815 375 2864 manet
395 2806 506 2879 eadem,
527 2827 591 2882 quae
614 2808 668 2866 fuit
688 2807 850 2884 insipienti·
955 2884 957 2889 ,

45 2899 105 2974 bus,
117 2902 290 2962 difficultast
331 2902 454 2962 Periisse
461 2906 591 2979 profecto
600 2905 792 2962 confitendum
806 2912 851 2959 est

45 2999 220 3074 preteritum
233 3000 372 3076 laborem,
383 3001 432 3061 cui
445 3019 557 3078 semper
569 3001 648 3078 idem
660 2996 850 3062 laborandum

288 3097 309 3156 6
317 3096 335 3134 0
