1984 3342
134 227 191 288 1⁰⁰
353 237 389 282 rr.
409 235 478 283 mn
497 235 703 293 omniorum

132 403 164 444 se
176 395 206 443 et
217 385 338 444 offerre:
359 396 535 446 nectentem
548 386 767 461 requirentibus,
779 385 830 443 sed
844 385 931 444 etium

132 493 232 556 qronte
246 482 379 540 interim:
394 501 449 540 neo
463 483 655 560 vigilantibus,
670 482 720 540 sed
734 483 821 540 etiem
836 483 931 557 quiete

133 579 306 653 eompositis.
333 579 361 636 6.
383 579 428 636 Εο
437 580 530 655 magis
543 579 620 654 quod
633 579 683 636 ille
694 597 810 653 qnoque
824 579 931 635 enime-

132 676 181 747 lir,
196 695 259 750 qne
273 693 370 734 onrere
383 677 531 734 intellectu
544 676 685 747 videntur,
696 676 890 732 meminerunt
901 687 930 732 et

134 783 302 849 agnoscunt,
316 782 346 829 st
359 773 515 846 quamlibet
528 773 615 848 longo
627 772 730 829 itinere
749 772 875 830 dednotn
895 773 930 828 ed

135 881 260 926 tenuem
272 867 327 926 eibi
341 869 424 925 sedes
437 873 624 926 revertuntur.
663 867 767 930 Quidl
787 887 848 925 non
868 869 930 924 heo
984 888 986 930 l

133 965 253 1022 serieres
267 965 338 1022 mire
358 978 410 1037 est,
424 965 557 1022 exoidere
575 965 713 1039 proxime,
728 965 825 1022 rete'rn
844 965 931 1021 inhe-

133 1064 217 1121 rerel
251 1062 446 1120 hesternorum
480 1061 669 1133 immemores,
704 1071 768 1118 nete
797 1061 934 1136 pueritie

133 1158 297 1218 reeordaril
337 1161 363 1216 7.
384 1158 487 1221 Quidl
507 1157 584 1234 qnod
597 1158 728 1232 quiedam
747 1157 888 1232 requisitu
899 1176 931 1214 se

133 1255 289 1328 occultant,
304 1265 332 1313 et
345 1255 446 1314 eedem
459 1254 532 1312 sorte
544 1256 736 1312 suoourruntl
756 1271 812 1311 neo
832 1263 931 1311 manet
984 1292 986 1305 ,

132 1371 243 1430 semper
276 1353 423 1434 memoris,
450 1352 501 1410 sed
534 1350 686 1426 uliqunndo
719 1351 804 1409 etiem
832 1351 929 1408 reditl

132 1448 302 1508 Nesoiretur
322 1459 427 1520 tamen,
449 1457 555 1523 quante
574 1447 617 1504 vis
636 1456 711 1504 esset
730 1447 800 1523 ejus,
822 1458 931 1522 quantu
984 1470 985 1503 1

132 1545 266 1604 divinitus
292 1544 350 1616 ille,
371 1544 427 1602 nisi
454 1545 510 1602 hoe
535 1545 632 1602 lumen
652 1544 752 1601 ornndi
771 1545 928 1603 extulisset

131 1640 160 1700 8.
181 1640 251 1698 Non
271 1640 347 1698 enim
368 1658 462 1698 rerum
484 1641 579 1713 modo,
600 1641 651 1699 sed
671 1641 757 1699 etiarn
776 1642 930 1700 verborum

131 1735 260 1795 ordinem
273 1745 400 1810 prestat:
414 1753 469 1794 neo
482 1755 517 1794 ea
529 1755 622 1813 perrea
635 1737 770 1808 contexit,
781 1737 832 1795 sed
845 1738 931 1795 durat

130 1847 220 1910 prope
247 1831 277 1890 in
297 1831 450 1903 inlinitum,
471 1842 500 1890 et
521 1832 552 1890 in
572 1833 747 1910 longissimis
767 1833 930 1892 notionibus

132 2121 249 2180 subesse
270 2129 357 2178 artem
386 2119 518 2195 aliquam,
542 2122 691 2198 juvenique
711 2122 821 2180 ratione
849 2132 930 2179 nutu·

132 2235 209 2280 rum:
238 2234 304 2275 oum
331 2215 417 2273 iidem
444 2217 522 2275 dooti
548 2217 642 2275 faeere
668 2217 749 2289 illud,
770 2217 882 2276 indocti
902 2228 929 2275 et
984 2212 985 2251 l

131 1928 211 2006 prius
239 1927 374 1986 audiendi
400 1927 548 2002 patientie,
574 1949 660 2005 quem
685 1930 832 1988 memorie
857 1930 931 1987 tides
984 1948 985 1985 r

132 2023 237 2082 delinit.
291 2025 319 2082 9.
351 2022 443 2085 Quod
476 2035 505 2082 et
528 2025 621 2102 ipsum
648 2036 848 2103 argumentum
875 2035 928 2097 est,
984 2050 985 2105 3

133 2311 310 2372 inexercitati
343 2329 401 2370 non
434 2315 591 2389 possimus:
625 2331 786 2389 quanquam
814 2315 930 2372 invenio

134 2409 209 2485 apud
236 2408 393 2480 Platonem,
416 2410 528 2468 obstare
548 2410 693 2467 memorie
713 2429 797 2491 usum
824 2411 931 2470 littera·

133 2523 215 2562 rum:
230 2503 363 2562 videlieet
376 2506 452 2580 quod
466 2506 524 2576 illn,
536 2523 599 2580 qun
613 2506 726 2581 seriptis
739 2508 929 2581 reposuimus,
984 2502 985 2559 l

133 2601 210 2658 velut
243 2601 387 2660 custodire
420 2602 586 2669 desinimus,
620 2612 649 2659 et
681 2602 744 2678 ipsu
776 2593 931 2661 securitate
984 2658 985 2669 ,

133 2696 309 2756 dimittimus.
359 2698 403 2756 10.
435 2698 501 2755 Nee
527 2698 645 2756 dubium
672 2709 725 2770 est,
746 2698 816 2772 quin
842 2700 931 2774 pluri-

133 2811 211 2849 mum
225 2793 255 2850 in
269 2793 323 2850 liae
336 2804 417 2868 perte
430 2793 522 2850 velent
534 2793 638 2850 mentis
659 2794 790 2864 intentio,
802 2804 832 2851 et
852 2797 930 2854 velut
984 2864 985 2867 Ἴ

134 2889 210 2948 soies
229 2889 370 2946 luminum
391 2899 571 2963 eprospeetu
586 2907 690 2959 rerum,
705 2909 776 2964 ques
789 2891 930 2964 intuetur,
984 2886 986 2901 '

217 3003 321 3046 eversu.
361 2984 446 3044 Unde
473 2984 589 3058 oceidit,
609 2996 641 3042 ut
666 3003 730 3060 qun
755 3004 806 3062 per
833 2988 931 3063 plures
