1984 3342
233 245 316 296 ms'tt
335 245 474 294 onnon.
492 243 555 294 un
572 244 617 292 11.
635 245 658 292 2.
787 235 843 296 llll

47 395 108 454 dies
127 394 282 454 scribimus
301 395 449 456 ediscendi
469 413 567 468 csusa,
587 393 762 474 cogitatione
782 394 844 472 ipsa

47 494 202 552 contineat.

85 590 132 648 ll.
161 589 263 648 Artem
277 598 372 647 alitem
391 589 536 648 memorie
556 589 666 666 primns
684 588 844 648 ostendisse
943 611 946 618 ·

46 685 152 745 dicitur
166 685 347 744 Simonides:
369 685 453 762 cujus
465 685 582 763 vulgata
594 685 691 744 sabula
708 696 761 757 est,
775 704 844 744 oum

46 782 137 858 pugili
152 791 289 840 seronato
302 799 428 853 carmen,
443 781 527 857 quale
540 782 674 858 componi
688 781 844 840 victoribus

46 878 128 950 solet,
156 877 289 936 mercede
313 889 399 954 pacta
424 878 594 954 scripsisset,
621 879 789 955 abnegatam
815 879 844 936 ei

46 973 177 1049 pecunie
190 984 308 1049 partem,
323 975 400 1050 quod
413 992 492 1032 more
505 975 600 1051 poetis
612 974 844 1050 frequentissimo

46 1071 192 1148 digressus
206 1069 235 1128 in
255 1069 355 1130 laudes
375 1071 504 1128 Castoris
524 1090 560 1128 sc
578 1071 706 1128 Pollucis
725 1070 842 1128 exierat.

45 1167 230 1243 Quapropter
256 1177 366 1243 partem
387 1167 423 1224 ab
443 1168 479 1226 iis
497 1179 604 1243 petere,
625 1185 746 1241 quorum
766 1166 845 1224 secta

46 1264 226 1336 celebrasset,
239 1263 399 1339 jubebatur.
440 1263 477 1320 Et
491 1263 695 1338 persolverunt,
708 1272 740 1319 ut
759 1261 845 1320 tradi·

46 1370 106 1418 tum
121 1369 172 1418 est
216 1361 259 1418 12.
281 1359 358 1418 Nam
372 1377 439 1417 cum
459 1369 534 1416 esset
553 1357 662 1435 grande
681 1357 843 1416 convivium

45 1455 74 1514 in
89 1456 229 1514 honorem
249 1456 376 1532 ejusdem
396 1455 534 1527 victoriae,
549 1467 633 1530 atque
654 1454 797 1512 adhibitus
816 1454 847 1516 ei,

46 1573 136 1612 otene
158 1553 331 1625 Simonides,
353 1553 455 1611 nuntio
475 1563 519 1611 est
540 1554 660 1626 excitus,
681 1552 845 1628 quodsum

46 1650 104 1708 duo
129 1651 257 1727 juvenes,
278 1651 359 1725 equis
386 1651 507 1721 advecti,
527 1650 689 1708 desiderare
708 1649 846 1726 majorem

46 1748 76 1805 in
103 1747 221 1806 modum
248 1747 425 1805 dicebantur.
481 1747 520 1804 Et
546 1747 611 1805 illos
636 1747 751 1822 quidem
785 1766 844 1806 non

46 1843 166 1914 invenit,
187 1843 275 1902 suisne
294 1854 390 1902 tamen
410 1853 506 1920 gratos
526 1861 595 1921 erga
613 1862 645 1902 se
670 1845 741 1902 deos
766 1844 844 1902 exitu

48 1940 195 2016 comperit.
238 1940 282 1996 13.
304 1933 381 1997 Nam
401 1940 447 1997 vix
467 1958 503 1998 eo
516 1941 604 1998 limen
617 1959 743 2017 egresso,
757 1937 845 1998 tricliss

46 2037 127 2094 nium
142 2035 212 2094 illud
227 2053 311 2111 supra
325 2036 458 2093 convivas
478 2035 597 2102 connit,
612 2046 697 2110 atque
717 2036 758 2092 its
776 2054 845 2093 con·

47 2133 130 2205 ndis,
146 2142 178 2190 ut
191 2151 249 2190 non
262 2150 312 2190 ora
325 2133 411 2190 modo
424 2150 633 2208 oppressorum,
647 2131 698 2189 sed
717 2131 846 2188 membra

48 2230 135 2288 etiarn
150 2229 246 2286 omnia
258 2229 436 2302 requirentes
451 2228 484 2286 ad
499 2228 673 2303 sepulturam
691 2226 844 2301 propinqui
885 2299 890 2310 υ

48 2325 127 2383 nulla
148 2336 215 2382 nota
233 2335 350 2400 possent
370 2324 541 2382 discernere.
581 2322 660 2380 Tum
680 2321 845 2382 Simonides

48 2422 155 2482 dicitur
182 2439 290 2480 memor
316 2422 417 2479 ordine
443 2437 501 2496 quo
520 2419 641 2495 quisque
660 2419 845 2478 discubuerat

49 2538 171 2598 corpora
197 2520 258 2579 suis
277 2520 442 2578 reddidisse.
486 2520 530 2577 14.
552 2519 606 2577 Est
625 2530 720 2578 autem
740 2537 845 2597 magna

49 2619 122 2676 inter
145 2627 277 2676 auctores
297 2617 446 2689 dissensio,
467 2617 618 2674 Glaucone
643 2617 786 2692 Carystio,
807 2635 844 2674 nn

49 2714 195 2786 Leocrati,
210 2733 246 2772 an
266 2714 461 2791 Agatharcho,
477 2733 513 2770 an
533 2715 636 2790 Scopas
656 2714 793 2789 scriptum
807 2713 844 2770 sit

51 2811 78 2868 id
92 2829 225 2870 carmen:
244 2820 276 2868 et
288 2810 416 2869 Pharsali
430 2811 518 2870 suerit
530 2810 594 2868 hec
606 2811 718 2880 domus,
732 2820 765 2868 ut
784 2809 844 2884 ipse

51 2909 173 2984 quodam
187 2907 253 2965 loco
265 2908 427 2985 significare
440 2907 606 2966 Simonides
624 2906 746 2975 videtur,
760 2914 844 2976 atque

51 3004 246 3082 Apollodorus
265 3014 294 3072 et
307 3003 513 3064 Eratosthenes
524 3013 555 3061 et
567 3000 779 3078 Euphorion‘et
789 2995 845 3055 La·

288 3099 336 3159 90
