1984 3342
190 237 194 246 ι
257 207 340 256 mss.
358 205 494 256 omnum
514 205 575 254 nm.
594 207 625 255 x.
646 208 666 253 ι.
816 195 856 258 29

61 357 170 417 beilum
186 357 317 416 Siculum
326 357 546 435 perscripsisset,
556 355 715 416 vindicaret
725 354 782 414 sibi
792 355 856 433 jore

61 454 223 512 secundnm
244 454 349 512 locum.
392 455 449 512 Sed
477 472 544 512 eum
570 453 761 511 comnmmnri
780 471 856 510 mors

62 549 217 608 immatura
242 569 300 607 non
326 569 410 626 passa
433 559 494 607 est:
527 549 649 626 puerilia
674 559 769 607 tomen
795 548 856 624 ejus

61 664 150 722 opera
164 657 192 704 et
205 647 357 704 maximam
371 645 496 704 indolem
516 646 670 704 ostendunt
689 656 718 702 et
737 645 857 702 admira·

61 742 160 812 bilem,
174 742 319 819 praecipue
332 742 362 800 in
377 751 459 800 aetate
474 742 532 813 illa,
546 741 618 798 recti
631 742 744 819 generis
758 741 856 800 voiun-

60 847 158 896 tatem.
205 837 252 896 90.
279 837 403 894 Multum
431 838 461 894 in
495 837 608 895 Valerio
634 837 741 894 Flacco
766 856 856 912 nuper

61 935 217 992 amisimus.
272 934 435 992 Vehemens
468 943 498 991 et
529 934 676 1010 poeticum
708 933 855 1010 ingenium

60 1031 155 1088 Saleii
168 1030 262 1088 Bassi
276 1031 338 1101 suit,
354 1048 409 1087 nec
424 1029 517 1105 ipsum
537 1041 684 1088 senectute
703 1040 853 1087 maturum.

59 1123 206 1181 Rabirius
234 1124 375 1181 ac-Pedo
402 1124 597 1200 non-indigni
631 1124 804 1200 cognitione,
831 1124 856 1181 si

61 1231 152 1278 vacet.
193 1221 330 1278 Lucanus
345 1221 455 1291 ardens,
470 1231 499 1278 et
513 1221 682 1292 concitatus,
698 1230 725 1277 et
745 1231 856 1277 senten-

59 1318 109 1375 tiis
130 1318 314 1388 olarissimns,
328 1327 367 1385 et,
382 1327 414 1374 nt
434 1317 529 1374 dicum
549 1317 624 1390 quod
644 1316 745 1387 sentio,
765 1317 856 1392 magis

60 1414 223 1471 oratoribus
236 1433 320 1489 qnam
334 1413 428 1490 poetis
447 1412 683 1470 annumerandus.
723 1413 771 1469 91.
794 1411 857 1469 Hos

59 1509 282 1580 nominavimus
307 1510 373 1583 quia
398 1509 603 1566 Germanicum
630 1508 794 1585 Augustum
821 1508 856 1564 ab

61 1606 200 1664 institutis
214 1606 316 1664 studiis
330 1605 444 1663 deflexit
458 1625 529 1662 cura
541 1617 689 1679 terrarum,
700 1624 856 1682 perumque

61 1703 117 1760 diis
144 1703 236 1760 visum
264 1713 316 1774 est,
338 1721 400 1760 esse
421 1721 487 1760 eum
515 1702 669 1759 maximum
696 1707 855 1778 poetarum.

59 1799 144 1862 Quid
170 1808 266 1856 temen
293 1797 337 1856 his
364 1798 432 1874 ipsis
459 1799 520 1874 ejus
553 1798 697 1874 operibus,
725 1799 756 1856 in
782 1819 855 1874 qne,

60 1895 167 1954 donato
201 1895 329 1971 imperio,
357 1894 469 1971 juvenis
502 1906 669 1966 secesserat,
696 1895 855 1965 sublimius,

60 1991 186 2062 doctius,
208 1991 341 2048 omnibus
361 1990 484 2065 denique
511 1991 638 2048 numeris
657 1991 856 2066 prestantius?

54 2087 138 2150 Quis
165 2086 243 2144 enim
263 2096 378 2145 emeret
399 2087 473 2144 bellu
493 2087 605 2157 melius,
626 2105 710 2161 qnam
738 2086 786 2160 qni
813 2086 856 2144 sic

59 2185 159 2262 geniti
197 2181 297 2244 Quem
322 2183 507 2259 presidentes
532 2182 634 2239 studiis
661 2182 720 2238 deae
739 2181 856 2256 propius

61 2281 216 2338 audirent?
256 2279 314 2338 cni
328 2279 418 2356 magis
432 2298 499 2336 suns
520 2288 593 2335 artes
614 2276 736 2354 aperiret
754 2277 857 2335 famili·

62 2395 111 2434 are
136 2394 244 2434 numen
271 2373 423 2432 Minerva!
464 2374 514 2432 92.
535 2373 643 2432 Dicent
663 2373 725 2430 haec
743 2372 857 2450 plenius

62 2473 159 2531 futura
184 2472 290 2530 secula.
339 2469 428 2529 Nunc
456 2471 532 2528 enim
560 2480 719 2528 ceterarum
746 2470 856 2548 fulgore

61 2569 200 2626 virtutum
225 2569 287 2626 lens
314 2567 369 2626 istu
395 2552 611 2644 praestringiiin.
641 2565 728 2640 ,Nos
760 2576 856 2625 tumen
895 2608 897 2612 -

61 2684 145 2724 sacra
170 2665 328 2723 litterarum
356 2664 482 2722 colentes
509 2663 592 2736 feras,
619 2663 726 2735 Cesar,
747 2663 771 2720 si
797 2679 856 2720 non

61 2764 183 2823 tacitum
198 2764 252 2822 hcc
265 2762 451 2840 preterimus,
466 2772 495 2821 et
507 2762 669 2842 virgiliano
683 2773 760 2822 certe
773 2781 855 2821 versu

62 2871 210 2932 testamur,

141 2979 159 3007 ‘⁸
167 2973 237 3037 Inter
247 2929 361 3026 victrices
370 2973 489 3024 moerim
495 2957 543 3022 iiii
552 2981 649 3034 semem
659 2965 767 3019 hunos*
868 2970 871 2974 “

300 3054 346 3114 3·
