1984 3342
232 259 643 308 manuteneamus
796 231 838 312 45

41 409 136 487 generi
166 409 346 482 dediderunt,
374 422 406 468 ut
431 410 457 467 si
491 409 627 486 asperitas
660 408 696 468 iis
727 406 838 486 placuit

40 506 170 584 alicujus,
185 506 260 564 hano
273 507 360 565 etiam
374 507 404 564 iu
418 507 476 564 leni
491 526 526 567 ao
545 506 665 564 remisso
684 525 835 564 causarum

38 623 143 681 genere
156 624 214 662 non
229 615 352 662 exuant:
374 604 399 662 si
418 603 544 663 tenuitas
564 623 599 661 ao
615 603 791 680 jucunditas,
805 603 835 662 in

39 702 145 778 asperis
158 702 347 778 gravibusque
368 701 462 758 causis
480 700 600 777 ponderi
620 719 715 758 rerum
733 719 835 776 purum

37 799 241 874 respondeant:
263 817 330 855 oum
341 798 377 855 sit
391 798 503 856 diversa
515 817 574 854 nou
584 816 734 854 causarum
748 797 835 856 modo

38 894 109 952 inter
124 895 201 970 ipsas
215 895 351 966 conditio,
367 894 417 952 sed
438 894 467 952 iu
488 893 610 972 singuiis
629 894 719 952 etiam
739 895 835 952 causis

33 991 176 1064 ,partium3
203 991 317 1066 sintque
344 990 400 1048 alia
424 991 537 1062 leniter,
559 990 616 1048 ulia
642 1009 750 1066 aspere,
778 990 835 1048 alia

36 1088 191 1155 eoncitate,
207 1088 262 1145 alia
275 1087 402 1158 remisse,
418 1087 473 1145 ulia
485 1087 620 1158 docendi,
632 1087 688 1144 aiia
701 1087 833 1145 movendi

34 1185 126 1259 gratia
139 1184 279 1241 dicenda:
301 1202 422 1258 quorum
437 1184 566 1240 omnium
579 1182 728 1240 dissimilis
748 1194 833 1256 atque

34 1278 124 1335 divisa
138 1278 212 1335 inter
227 1296 257 1335 se
271 1277 344 1334 ratio
357 1287 408 1335 est.
449 1277 498 1334 24.
519 1276 620 1351 Itaque
639 1294 677 1332 ne
697 1274 752 1331 hoo
772 1275 834 1350 qui·

33 1374 96 1431 dem
119 1374 267 1446 suaserim,
289 1373 339 1431 uni
366 1393 397 1432 se
425 1373 510 1432 alioui
532 1371 655 1450 proprie,
676 1389 761 1446 quem
782 1389 832 1446 per

33 1470 130 1527 omnia
156 1481 300 1545 sequatur,
323 1470 464 1527 addicere.
505 1467 644 1525 Omnium
663 1465 833 1543 perfectissi-

34 1584 95 1624 mus
123 1567 291 1624 Graeoorum
318 1565 545 1624 Demosthenes:
588 1564 697 1640 aliquid
736 1574 832 1622 tamen

34 1663 130 1738 aliquo
156 1663 186 1720 in
213 1663 278 1720 loco
301 1663 403 1722 melius
427 1661 493 1720 aiii:
523 1661 648 1738 plurima
674 1661 731 1719 ilie.
772 1661 831 1718 Sed

33 1777 91 1815 non
105 1758 154 1834 qui
168 1759 289 1816 maxime
304 1757 468 1831 imitandus,
476 1770 506 1816 et
519 1759 596 1816 solus
610 1757 765 1815 imitandus
778 1768 830 1815 est

31 1854 78 1912 25.
100 1854 183 1915 Quid
204 1856 294 1932 ergo?
314 1873 373 1912 non
393 1867 436 1912 est
456 1855 525 1912 satis
544 1854 642 1912 omnia
660 1853 704 1911 sio
724 1853 830 1925 dicere,

33 1949 178 2023 quomodo
199 1950 240 2010 M.
262 1951 378 2009 Tullius
398 1951 490 2009 dixitt
531 1949 606 2008 Mihi
627 1951 742 2025 quidem
762 1949 831 2007 satis

33 2057 117 2118 esset,
139 2048 164 2106 si
190 2048 288 2105 omnia
307 2048 444 2123 consequi
463 2065 586 2125 possem.
627 2046 710 2108 Quid
733 2056 830 2104 tamen

32 2155 159 2216 noceret,
174 2143 230 2201 virn
252 2144 384 2215 Caesaris,
400 2143 581 2219 asperitatem
597 2140 696 2211 Coelii,
710 2140 830 2216 diligen·

31 2239 101 2296 tiam
115 2239 262 2311 Pollionis,
274 2241 416 2316 judicium
426 2239 518 2310 Calvi,
528 2237 699 2313 quibusdam
714 2236 744 2294 in
757 2236 830 2293 loeis

33 2337 199 2394 assumeret
238 2337 285 2395 26.
307 2337 383 2394 Nam
404 2345 506 2412 praeter
527 2334 565 2406 id,
586 2333 662 2408 quod
681 2332 830 2408 prudentis

31 2444 84 2504 est,
99 2433 176 2508 quod
191 2432 220 2490 in
235 2451 348 2508 quoque
362 2433 503 2508 optimum
517 2441 569 2502 est,
584 2430 609 2488 si
628 2430 729 2506 possit,
744 2449 828 2487 suum

31 2529 143 2588 facere:
166 2540 236 2602 tum,
251 2531 280 2587 iu
294 2540 374 2587 tanta
387 2529 429 2587 rei
450 2528 630 2598 difficultate,
645 2545 734 2584 uuum
756 2527 831 2584 intu-

30 2636 112 2683 entes
125 2625 173 2682 vix
188 2626 282 2701 aliqua
296 2645 361 2702 pars
375 2625 511 2700 sequitur.
553 2623 679 2699 Ideoque
700 2642 767 2680 oum
788 2633 830 2681 to-

30 2732 90 2780 tum
117 2723 285 2798 exprimere,
307 2741 390 2798 quem
411 2721 542 2798 elegeris,
562 2739 643 2796 pene
663 2721 700 2778 sit
719 2720 828 2779 homini

29 2818 249 2877 inconcessum:
270 2819 394 2896 plurium
417 2819 491 2875 bona
512 2837 652 2893 ponamus
673 2827 738 2874 aute
761 2836 830 2874 ocu·

28 2915 83 2987 ios,
97 2927 129 2974 ut
150 2915 227 2973 aliud
247 2935 282 2973 ex
303 2916 359 2973 aiio
374 2915 489 2987 haereat,
503 2925 542 2988 et,
555 2914 632 2992 quod
645 2912 750 2986 ouique
762 2911 828 2967 loeo

27 3014 193 3086 conveniat,
209 3023 346 3088 aptemus.
