1984 3342
160 267 201 330 22
399 276 434 324 u.
454 277 523 326 uns.
543 275 750 334 summersus

163 425 198 486 ad
231 423 289 488 tto
322 425 445 485 maxime
471 427 626 503 pertinebit
653 446 729 485 unus
754 423 951 484 Archilochus.

161 523 208 582 60.
235 523 355 580 Summa
369 523 399 580 in
418 523 474 582 hoo
493 524 537 581 vis
555 524 735 594 elocutionis,
755 541 822 580 cum
842 522 953 588 valide,

162 629 223 678 tum
256 619 354 678 breves
387 620 587 696 vibrantesque
613 620 771 691 sententias,
798 619 954 695 plurimum

162 715 309 793 sanguinis
324 726 407 792 atque
426 735 588 789 nervorum,
604 717 675 774 adeo
694 726 727 773 ut
746 715 875 772 sidentur
897 713 955 789 qui·

163 812 292 884 busdam,
307 813 383 888 quod
398 832 541 888 quoquam
554 813 648 870 minor
668 822 721 882 est,
734 811 861 868 materie
883 827 954 880 esse,

163 926 221 966 non
235 908 343 985 ingenii
356 909 464 966 vitium.
505 910 553 966 61.
574 907 687 965 Novem
700 927 767 966 vero
786 906 954 982 Lyrioorum
984 932 986 960 2

162 1004 249 1081 longe
267 1005 419 1064 Pindarus
439 1005 582 1081 princeps,
597 1005 712 1081 spiritus
731 1003 954 1081 magnificentia,

163 1101 320 1172 sententiis,
335 1103 443 1179 figuris,
459 1103 623 1160 beatissima
635 1120 730 1159 rerum
750 1101 955 1176 verborumque

161 1197 257 1274 eopia,
271 1198 348 1256 velut
361 1199 485 1273 quodam
499 1198 670 1274 eloquentiae
684 1197 821 1254 flumine:
841 1209 955 1273 propter

163 1313 227 1370 que
242 1295 380 1352 Horatius
393 1314 459 1354 eum
473 1295 575 1354 merito
595 1294 718 1352 eredidit
736 1293 846 1351 nemini
867 1292 956 1350 imita·

163 1392 258 1450 bilem.
300 1393 346 1450 62.
369 1392 568 1464 Stesichorum,
589 1409 675 1466 quam
696 1390 733 1447 sit
753 1389 872 1466 ingenio
891 1388 956 1446 vali·

163 1489 226 1559 dus,
241 1489 366 1546 materia
380 1507 494 1562 quoque
515 1488 679 1558 ostendunt,
692 1487 816 1544 maxima
835 1485 912 1543 bella
931 1496 957 1543 et

164 1583 336 1641 clarissimos
363 1594 524 1640 canentem·
541 1584 638 1654 duces,
665 1592 695 1640 et
720 1582 796 1658 epici
822 1582 957 1639 carminis

163 1696 251 1736 onera
264 1679 324 1753 lyra
337 1679 533 1736 sustinentem.
575 1679 685 1736 Reddit
693 1681 769 1737 enim
783 1679 914 1755 personis
928 1679 957 1735 in

165 1774 275 1850 egendo
302 1775 385 1832 simul
406 1776 606 1850 loquendoque
627 1777 752 1834 debitam
772 1776 957 1852 dignitatern:

165 1889 209 1942 ao,
221 1871 244 1928 si
258 1872 395 1929 tenuisset
409 1872 536 1944 modum,
548 1873 658 1930 videtur
673 1873 800 1930 aemulari
813 1873 959 1948 proximus

165 1967 323 2025 Homerum
337 1969 479 2046 potuisse:
502 1970 551 2027 sed
571 1970 720 2040 redundat,
736 1979 820 2043 atque
840 1969 960 2026 effundi·
984 1980 986 2055 q

165 2076 226 2123 tur:
262 2067 337 2141 quod
371 2077 403 2124 ut
429 2076 473 2123 est
498 2066 774 2141 reprehendendum,
802 2064 843 2122 ita
869 2064 959 2140 eopiae
984 2136 986 2161 ἱ

165 2162 265 2221 vitium
293 2174 342 2220 est.
384 2163 430 2220 63.
453 2163 567 2220 Aloeus
594 2164 624 2220 in
650 2173 730 2238 parte
755 2162 849 2236 operis
876 2181 960 2219 aureo
984 2189 986 2243 q

163 2261 271 2337 plectro
292 2260 393 2318 merito
414 2260 545 2332 donatur,
567 2280 623 2336 qua
642 2270 777 2335 tyrannos
804 2259 961 2316 insectatus
984 2252 986 2301 l

166 2355 287 2412 multum
314 2355 400 2411 etiam
427 2355 553 2412 moribus
581 2354 708 2410 confert:
744 2355 773 2410 in
800 2353 962 2427 eloquendo

168 2471 279 2526 quoque
299 2451 391 2507 brevis
412 2461 441 2508 et
460 2451 639 2526 magnificus,
653 2460 681 2507 et
702 2450 834 2526 diligens,
855 2460 885 2506 et
903 2449 963 2524 ple-
984 2500 986 2504 ,

167 2565 286 2620 rumque
301 2546 429 2604 Homero
443 2546 559 2602 similis:
581 2548 631 2603 sed
652 2547 681 2603 in
702 2547 781 2604 lusus
801 2558 830 2602 et
851 2563 962 2602 amores

168 2642 325 2713 descendit,
340 2643 494 2718 majoribus
516 2652 611 2700 tamen
632 2644 730 2718 aptior.
772 2643 819 2699 64.
841 2642 962 2699 Simoni-

167 2737 223 2809 des,
235 2739 329 2796 tenuis
344 2739 458 2813 alioqui,
470 2758 601 2796 sermone
613 2740 728 2815 proprio
742 2735 770 2796 et
782 2739 963 2815 jucunditate
984 2803 986 2811 Ι

168 2834 289 2908 quadam
300 2835 493 2892 commendari
504 2845 611 2910 potest:
632 2824 778 2910 praecipua
790 2844 888 2892 tamen
902 2835 963 2910 ejus
984 2844 986 2956 q

168 2929 198 2986 in
213 2931 417 2988 commovenda
429 2930 611 2988 miseratione
631 2931 729 3001 virtus,
743 2940 776 2987 ut
794 2931 914 3005 quidam
934 2932 965 2987 in

168 3025 223 3086 han
248 3045 315 3086 eum
340 3039 419 3106 parte
445 3027 579 3086 omnibus
602 3026 663 3105 ejus
683 3027 777 3103 operis
797 3029 966 3085 auctoribus
