1984 3342
155 230 197 290 24
377 233 412 280 M.
432 234 502 280 ΕΑΒ.
521 233 726 290 nummum

157 394 233 456 sunt,
246 401 328 459 pene
342 381 410 459 ipsis
429 403 490 460 par,
504 394 533 442 et
553 383 677 440 dicendo
698 401 732 440 an
751 382 949 458 respondendo

157 480 275 539 cuilibet
288 499 397 553 eornm,
412 481 461 556 qui
482 481 597 538 suerunt
616 476 647 538 in
668 480 730 538 soro
750 480 859 549 diserti,
875 499 949 538 eorn-

157 576 315 654 parandus;
337 577 366 634 in
382 577 530 634 affectibus
543 595 610 634 vero
623 596 690 634 oum
703 577 836 634 omnibus
849 578 947 647 mirus,

157 687 219 736 tum
232 677 262 735 in
276 677 320 747 iis,
334 677 383 752 qui
397 677 578 734 miseratione
592 686 734 747 constant,
748 676 832 734 saoile
849 677 949 752 praeoi·

156 793 239 852 puus.
287 775 334 832 69.
356 773 445 830 Hune
465 783 494 830 et
515 772 669 830 admiratus
696 773 819 830 maxime
844 782 900 845 est,
920 785 950 830 ut

157 887 232 944 repe
259 878 386 939 testatur,
407 878 436 925 et
463 877 590 938 secutus,
618 885 781 942 quanquam
807 867 838 925 in
864 887 949 944 opere

158 965 278 1038 diverso,
298 952 472 1023 Menander:
500 963 548 1039 qui
568 963 613 1022 rel
639 982 724 1036 nnus,
743 982 809 1022 meo
834 965 949 1039 quidem

137 1097 138 1100 =
161 1063 281 1141 judicio,
297 1062 448 1139 diligenter
467 1061 569 1133 lectus,
584 1061 620 1119 ad
640 1072 755 1134 cuneta,
770 1082 834 1138 que
853 1063 951 1139 praeei-

156 1159 260 1236 pimns,
281 1158 432 1217 efficienda
451 1158 589 1216 sufficiat:
610 1158 652 1215 ita
670 1174 783 1216 omnem
805 1159 870 1217 vitre
884 1160 951 1218 ima·

157 1255 254 1334 ginetn
281 1255 432 1332 expressit;
460 1264 541 1314 tanta
565 1255 597 1312 in
617 1273 652 1312 eo
672 1253 837 1312 inveniendi
857 1257 949 1333 eopia,

158 1363 187 1412 et
209 1352 361 1428 eloquendi
388 1351 526 1422 facultas;
561 1352 602 1409 ita
627 1361 671 1410 est
696 1351 829 1410 omnibus
856 1353 949 1424 rebus,

156 1449 295 1526 personis,
308 1449 456 1506 affectibus
466 1447 705 1507 accommodatus.
740 1449 787 1528 tq.
800 1447 869 1507 Neo
880 1449 950 1508 nihil
982 1480 983 1483 ¹

157 1544 286 1620 profecto
313 1543 453 1614 viderunt,
481 1545 531 1618 qui
557 1545 711 1615 orationes,
731 1564 795 1619 que
823 1544 951 1604 maesii
981 1550 984 1637 Ι

158 1639 274 1698 nornine
300 1639 434 1711 eduntur,
462 1659 479 1697 a
507 1639 668 1699 Menandro
694 1641 815 1717 scriptas
841 1652 951 1718 putent.
982 1644 983 1647 ’

160 1736 217 1796 Sed
231 1735 302 1795 mihi
315 1736 400 1813 longe
413 1735 505 1812 magis
518 1747 612 1796 orator
624 1738 740 1814 probari
753 1739 784 1796 in
797 1757 884 1814 opere
901 1759 953 1797 suo

159 1832 279 1904 videtur,
288 1833 343 1890 nisi
353 1832 425 1891 forte
435 1844 482 1890 aut
496 1833 545 1891 illa
554 1833 630 1892 mala
638 1834 759 1910 judicia,
769 1854 832 1908 que
842 1835 952 1912 Epitre-

158 1938 268 2005 pontes,
284 1928 443 2004 Epieleros‚
457 1929 545 1988 Locri
560 1931 675 2001 habent,
691 1942 740 1989 aut
753 1933 953 1992 meditationes

159 2024 190 2082 in
226 2025 402 2102 Psophodee,
430 2026 614 2098 Nomothete‚
648 2027 869 2103 Hypobolimaeo
894 2049 953 2088 non

159 2123 292 2182 omnibus
306 2123 426 2182 oratoris
436 2125 563 2182 numeris
572 2134 639 2183 sunt
647 2125 791 2184 absolutae.
826 2129 873 2185 71.
888 2127 953 2204 Ego
982 2112 984 2159 ἱ

71 2293 73 2296 f
159 2229 254 2278 temen
268 2221 332 2298 plus
347 2220 440 2278 adhuc
454 2221 588 2295 quiddam
603 2221 772 2279 collaturum
783 2242 850 2280 eum
860 2224 954 2282 deela-

160 2318 315 2376 matoribus
334 2328 413 2392 puto,
427 2317 563 2394 quoniam
583 2317 627 2375 his
647 2337 765 2377 neeesse
785 2330 838 2393 est,
853 2341 954 2378 seeun-

160 2412 228 2471 dum
249 2414 443 2472 conditionem
464 2415 721 2473 controversiarum
740 2418 838 2492 plnres
856 2418 954 2476 subire

159 2527 305 2584 personas,
318 2520 440 2584 patrum,
460 2510 594 2584 filiorum,
616 2513 749 2584 militum,
769 2515 953 2586 rusticorum,
982 2502 984 2538 ¹

160 2603 290 2676 divitum,
316 2621 483 2682 pauperum,
511 2606 705 2680 irascentium,
726 2610 953 2685 deprecantium,

161 2698 282 2772 mitium,
310 2719 480 2777 asperorum.
531 2702 566 2761 In
593 2705 696 2780 quibus
722 2707 856 2765 omnibus
882 2708 953 2766 mire
982 2751 984 2757 .

162 2796 319 2853 custoditur
347 2799 382 2854 ab
402 2798 457 2855 hoe
476 2804 563 2874 poeta
582 2801 677 2858 decor.
695 2835 699 2844 ·
719 2805 765 2860 tn.
787 2805 885 2879 Atque
906 2804 954 2861 ille
982 2822 984 2895 q

162 2891 276 2967 quidem
291 2893 422 2952 omnibus
436 2895 562 2970 ejusdem
576 2897 671 2972 operis
685 2900 850 2958 auctoribus
861 2903 956 2958 abstu·
982 2908 984 2993 ξ

161 2987 195 3066 lit
207 3007 322 3066 nornen,
334 3001 364 3048 et
377 2991 487 3078 fulgore
501 2994 622 3068 quodam
643 3013 702 3054 suaa
721 2996 859 3056 claritatis
879 3008 959 3056 tene·
