1984 3342
242 219 325 268 rnsr.
344 221 481 268 onnon.
502 221 563 268 uro.
583 219 654 268 nr„
807 213 845 272 tt

49 387 133 448 sopra
159 371 336 449 Pontrfimm
363 373 479 430 annales
515 373 703 430 haberemus:
737 371 847 430 ratibus

50 469 143 526 udhuo
163 469 361 546 navigaretur:
389 488 447 526 non
469 479 544 526 osset
563 470 686 545 pictura,
706 469 763 526 nisi
782 487 846 544 qum

49 565 138 624 lineos
162 566 248 624 modo
269 577 410 624 extremos
431 567 549 638 umbrae,
570 585 655 641 quam
676 585 797 642 oorporo
816 567 846 624 in

49 664 107 720 sote
127 663 274 734 teoissenr,
289 663 547 722 circumscriberet„
587 665 616 721 8.
638 664 685 720 Ao
704 665 729 721 si
749 664 846 721 omnio

49 777 227 834 percenseas,
242 761 321 818 nulio
341 761 378 818 sit
400 759 453 831 o'rs,
475 761 568 836 quoiis
588 761 846 832 intrumentum

49 855 123 913 intra
136 857 251 915 initium
264 857 359 915 stetit:
382 857 436 915 nisi
456 858 530 915 forte
550 868 647 914 nostro
664 857 845 933 potissimum

48 963 177 1029 tempora
203 954 371 1012 domuimus
391 955 475 1031 hujus
502 954 688 1026 infelicitatis,
710 964 742 1011 ut
767 973 846 1013 nuno

48 1049 165 1108 domum
191 1062 301 1108 orosoat
321 1051 400 1108 nihil.
442 1051 525 1108 Nihil
547 1061 640 1108 outorn
662 1052 765 1108 oresoit
785 1052 846 1110 sola
922 1083 931 1090 ·

48 1146 217 1205 imitatione.
258 1150 286 1206 9.
306 1148 423 1210 Quodsi
437 1148 580 1224 prioribus
595 1149 718 1224 adjicere
730 1148 773 1205 tirs
786 1167 845 1206 non

48 1254 100 1316 est,
123 1245 267 1318 quomodo
294 1263 407 1321 sperare
432 1263 584 1321 possumus
604 1245 683 1302 iilum
703 1255 845 1302 oratorem

48 1341 227 1414 perfectumi
254 1359 321 1398 oum
348 1341 377 1398 in
405 1341 459 1412 his,
486 1359 559 1414 quos
585 1341 724 1397 maximos
751 1341 846 1398 adhuo

48 1437 190 1508 novimus,
204 1455 290 1495 nomo
303 1437 339 1494 sit
354 1437 495 1507 inventus,
510 1436 539 1493 in
560 1455 618 1512 quo
638 1437 708 1493 nihii
731 1446 779 1494 out
798 1437 846 1494 do·

49 1533 199 1605 rideretur,
227 1543 275 1591 aut
301 1520 544 1609 reprehendatur.¹
583 1533 641 1591 Sed
675 1534 762 1592 etism
795 1535 845 1611 qui

49 1649 160 1688 summa
187 1649 244 1688 non
272 1639 416 1706 oppetunt,
438 1630 613 1688 contendere
631 1631 738 1708 potius,
759 1650 845 1708 quom

49 1727 130 1803 sequi
156 1727 269 1785 debent.
313 1727 357 1784 10.
379 1726 456 1784 Nam
483 1727 532 1802 qui
560 1727 628 1806 agit,
649 1739 681 1785 ut
699 1728 777 1804 prior
797 1729 844 1800 sit,

48 1825 167 1884 forsitan
187 1825 284 1895 etiam,
296 1823 321 1881 si
342 1842 400 1881 non
420 1825 574 1896 transierit,
595 1825 726 1900 aequabit.
768 1825 845 1883 Eum

48 1940 116 1980 vero
129 1939 215 1980 nemo
227 1930 321 1997 potest
335 1939 457 1996 equore,
472 1921 555 1997 cnjus
568 1923 696 1998 vestigiis
716 1922 772 1980 sibi
791 1923 846 1980 uti·

49 2037 105 2094 que
115 2018 303 2076 insistendum
313 2028 402 2093 putat.
443 2017 845 2093 Necesseestonim,semper

48 2115 85 2172 sit
94 2115 245 2190 posterior,
254 2113 302 2189 qui
314 2114 452 2190 sequitur.
494 2113 580 2171 Addo
590 2114 666 2188 quod
677 2113 845 2188 pierumque

49 2211 162 2270 facilius
189 2221 232 2270 est
257 2211 321 2288 plus
348 2212 452 2282 faeere,
480 2229 565 2285 quam
592 2210 676 2267 idem.
717 2209 845 2267 Tnntrm

48 2308 126 2366 enim
146 2308 342 2366 difficultatem
363 2308 449 2366 habet
474 2306 642 2378 similitudo,
663 2315 697 2363 ut
719 2323 758 2364 ne
783 2306 845 2383 ipss

48 2405 165 2480 quidem
185 2415 286 2463 natura
306 2405 337 2462 in
358 2405 414 2463 hoo
434 2405 474 2462 ita
494 2403 642 2474 oraiuorit,
663 2414 772 2461 utnon
799 2421 845 2462 res

48 2499 276 2576 simplicissimo,
298 2518 417 2575 quaeque
436 2517 521 2575 poros
541 2498 663 2556 maximo
686 2499 844 2573 videnntor,

47 2597 146 2672 ntique
160 2597 326 2655 discrimine
337 2597 431 2672 aliquo
442 2597 649 2654 discernantur.
693 2597 738 2654 lt.
759 2597 846 2656 Addo

48 2695 124 2769 quod
139 2694 278 2770 quidquid
293 2695 373 2752 alteri
387 2694 480 2751 simile
493 2704 547 2765 ost,
561 2713 680 2752 necesso
693 2705 736 2752 est
749 2695 845 2752 minus

47 2789 86 2847 rit
99 2809 142 2860 eo,
158 2791 236 2865 quod
250 2790 386 2862 imitatur,
401 2801 432 2847 ut
447 2791 549 2848 umbra
562 2809 691 2868 corpore,
706 2800 735 2849 et
748 2790 844 2867 imago

47 2885 131 2959 sanie,
145 2897 175 2945 et
190 2897 271 2944 aetus
284 2887 453 2944 histrionum
467 2887 542 2944 reris
557 2886 713 2944 affectibus.
752 2883 843 2945 Quod

46 2981 79 3044 in
93 2984 269 3044 orationibus
282 3001 396 3060 quoque
414 2984 519 3042 evenit,
558 2982 694 3056 quue
712 2980 764 3049 eis,
778 2993 842 3052 quo

285 3081 331 3140 40
