1984 3342
144 219 201 285 tut
376 229 412 281 rt.
431 227 500 276 usu.
520 225 726 284 oomrnrm

140 376 350 456 summissoque
369 375 532 454 principio:
553 375 597 436 sic
616 375 766 435 lonnntem
786 373 942 434 Ciceronis

142 491 268 544 menum,
296 491 363 532 cum
389 472 508 540 diceret,
529 472 575 544 st,
591 471 718 549 judices,
738 471 852 548 ingenii
878 471 939 540 mei,

141 568 218 644 quod
229 569 317 630 sentio
331 588 415 646 quam
434 569 473 628 sit
493 570 632 644 exiguum.
673 568 785 626 Eodem
805 566 941 644 aliquate-

141 683 196 734 nus
209 664 326 724 liberius
345 666 478 724 deorsum
498 665 693 741 spectantibus
713 663 812 740 digitis
832 664 941 740 colligi·

141 773 187 823 tur
201 762 231 820 in
244 782 305 835 nos,
320 773 348 822 et
363 763 452 822 lusius
465 763 551 838 poulo
566 763 596 821 in
616 762 758 820 diversum
778 762 938 833 resolvitur,

141 869 177 921 ut
187 859 397 936 quodammodo
411 877 572 918 sermonem
587 860 679 934 ipsum
699 858 827 934 prolerre
848 859 939 917 videe-

141 965 195 1023 tur.
236 957 283 1014 98.
305 956 395 1017 Binos
410 956 523 1014 interim
537 955 642 1032 digitos
662 955 877 1031 distinguimus,
891 955 937 1012 sed

141 1069 198 1115 nou
225 1051 333 1114 inserto.
357 1052 471 1130 pollice,
491 1051 609 1128 paulum
635 1060 731 1111 tamen
757 1050 937 1108 inferioribus
985 1062 986 1093 ³

142 1146 216 1220 {utre
229 1148 433 1224 spectantibus,
449 1147 499 1206 sed
513 1165 550 1204 ne
563 1146 620 1205 illis
639 1146 756 1221 quidem
776 1146 877 1219 tensis,
891 1146 936 1221 qui
985 1132 986 1175 3

141 1263 227 1322 supro
252 1258 325 1307 sunt.
366 1246 413 1304 99.
433 1243 553 1303 Interim
579 1242 698 1301 extremi
716 1243 843 1320 palmam
863 1243 938 1300 circa

141 1339 200 1412 ime
218 1342 330 1417 pollicis
350 1351 491 1418 premunt,
513 1339 573 1419 ipse
599 1339 741 1416 prioribus
767 1338 804 1396 ed
830 1339 937 1398 medios

71 1491 73 1496 .
142 1437 277 1499 nticulos
287 1439 434 1518 jungitur:
455 1436 569 1496 interim
584 1445 700 1511 quartus
720 1435 837 1510 oblique
859 1453 937 1512 repo·

141 1534 235 1606 nitur;
269 1535 383 1594 interim
416 1545 537 1610 quatuor
570 1531 696 1590 remissis
728 1532 821 1608 magis
840 1550 937 1606 .quam

140 1629 239 1703 tensis,
266 1631 371 1706 pollice
399 1631 476 1691 intus
503 1629 652 1700 inclinato,
672 1628 798 1686 habilem
823 1628 938 1688 demon·

141 1727 256 1798 strando
270 1727 300 1784 in
319 1729 403 1800 lotus,
419 1738 466 1786 cut
486 1726 705 1804 distinguendis,
720 1745 782 1802 qun
803 1725 937 1797 dicimus,

141 1841 258 1892 menum
279 1823 412 1896 lecimus,
427 1842 494 1881 curn
515 1824 617 1900 supino
637 1824 667 1882 in
687 1823 834 1882 sinistrum
855 1823 938 1894 lotus,

141 1937 232 1996 prone
244 1919 274 1978 in
289 1918 407 1978 alterum
422 1919 517 1978 fertur.
560 1921 625 1978 100.
644 1922 722 1979 Sunt
735 1929 763 1977 et
777 1919 821 1977 illi
840 1921 939 1978 breves

143 2024 248 2094 gestus,
260 2035 325 2075 cum
340 2035 441 2073 manus
455 2015 553 2074 leviter
566 2017 698 2094 pendete,
709 2016 801 2090 qualis
815 2016 940 2074 voventi·
985 2064 986 2071 ,

142 2131 191 2170 um
218 2123 270 2184 est,
297 2112 391 2190 parvis
417 2112 581 2185 intervallis,
609 2124 638 2172 et
663 2113 939 2173 subessentientibus
985 2106 986 2173 ζ

142 2209 268 2271 humeris
288 2210 571 2280 movetur,.msxime
598 2219 663 2285 apta
688 2228 775 2286 parce
801 2220 832 2268 et
858 2210 939 2287 quasi

142 2306 242 2367 timide
261 2305 449 2380 loquentibus.
492 2305 545 2366 Est
565 2306 746 2364 admirationi
765 2307 940 2365 conveniens

143 2402 191 2460 ille
211 2413 317 2478 gestus,
338 2421 395 2478 quo
415 2422 516 2462 manus
536 2403 649 2461 modice
669 2403 811 2480 supinate,
834 2422 940 2480 seper

143 2496 271 2576 singulos
286 2517 302 2556 e
315 2498 434 2556 minimo
449 2499 571 2559 collecta
584 2498 697 2576 digitos,
712 2500 850 2558 redeunte
865 2499 940 2556 flexu

144 2593 228 2652 simul
256 2594 412 2672 explicatur
441 2605 525 2671 atque
551 2595 733 2652 convertitur.
785 2597 850 2653 101.
873 2596 940 2654 Nec

85 2688 87 2692 ’
144 2709 203 2750 uno
229 2692 315 2748 modo
342 2691 549 2770 interrogantes
575 2702 687 2768 gestum
722 2692 939 2768 componimus:

143 2787 309 2863 plerumque
336 2798 430 2846 tamen
464 2797 605 2844 vertentes
637 2807 764 2859 manum,
792 2798 942 2864 uteunque

143 2884 301 2960 composita
327 2894 377 2942 est.
419 2883 521 2946 Pollici
548 2883 693 2958 proximus
714 2885 831 2962 digitus,
853 2887 943 2945 medi-

144 3001 258 3064 umque,
278 3002 335 3062 qua
354 2983 450 3042 dexter
471 2989 524 3054 est,
544 3000 670 3060 unguem
689 2984 803 3058 pollicis
829 3003 945 3044 summo
