1984 3342
139 261 200 326 ltt
361 273 397 320 ar.
417 273 486 320 rau.
507 271 712 332 ommuraur

140 439 224 500 paura
238 421 271 480 do
284 441 338 482 auo
346 423 541 499 perturbetur.
580 422 695 481 Deinde
708 420 789 498 quari
802 420 935 500 objurga-

141 518 182 576 tio
208 518 253 576 aui
279 529 331 591 eat,
358 519 406 578 Me
426 520 474 578 od
497 520 556 596 q'ar
584 539 697 578 courum
718 538 820 595 parem
847 520 934 576 auimo

141 615 361 690 magnitudinem
374 616 476 694 affirro
495 637 550 674 raon
564 635 655 693 possa.
694 616 742 674 50.
763 614 845 673 Tum
865 615 936 673 inri-

141 710 276 782 diosiora,
310 712 413 770 Tumor
440 714 499 771 tor
525 713 590 770 noor‘
605 712 718 790 judicii
742 731 817 770 ooou
835 709 937 788 soma
980 728 981 731 ’

143 815 228 864 terret
251 809 350 866 ocutis.
399 807 454 866 Illa
478 827 546 867 vero
569 809 628 885 jam
653 827 735 885 pane
762 808 879 885 apertis,
905 817 937 864 ut
981 796 982 823 *

145 903 233 977 aiunt,
247 903 333 975 tibiis,
352 904 423 977 Qut,
438 925 599 982 quocunque
611 904 782 976 inciderunt,
794 913 937 962 mauriu-
982 900 983 929 ³

144 997 234 1056 &nem
245 1000 321 1077 fori,
336 1009 363 1058 ot
376 1001 533 1078 pristinum
545 1021 644 1059 moron
654 1000 833 1076 judiciorum
847 1000 937 1076 repui-

144 1105 220 1156 nort.
260 1095 337 1156 Nam
357 1115 478 1172 sequens
503 1098 593 1155 latum
619 1097 705 1159 otiam
731 1106 816 1171 atqua
843 1096 937 1153 furum

145 1202 198 1264 eat,
212 1192 279 1250 Non
292 1194 363 1251 onim
377 1212 479 1250 corona
492 1212 633 1251 consertor
647 1201 737 1250 orator
756 1193 868 1250 cinctus
888 1201 937 1263 ert,
985 1226 986 1247 i

144 1297 177 1346 ut
199 1289 313 1352 solebat.
353 1291 401 1348 51.
421 1289 511 1352 Quod
531 1289 636 1360 notavi,
656 1299 689 1346 ut
710 1299 868 1365 appareret,
882 1307 938 1346 nou

145 1385 236 1445 tolum
257 1386 286 1443 in
306 1385 440 1444 membris
460 1403 563 1455 oausae,
584 1384 634 1442 aad
655 1385 740 1442 etiam
760 1385 790 1441 iu
811 1384 939 1442 articulis
987 1440 988 1465 ¹

145 1497 208 1539 aaaa
235 1481 357 1556 aliquam
377 1479 587 1556 pronunciandi
607 1479 780 1551 varietatem,
801 1478 866 1537 rina
886 1499 939 1555 qua

145 1573 216 1634 nihil
230 1592 323 1649 nequa
336 1575 426 1650 majus
439 1593 534 1649 nequa
553 1574 647 1632 minua
666 1584 717 1631 eat.
758 1574 824 1631 Vox
845 1585 939 1632 autem
988 1576 989 1601 ¹

147 1671 220 1730 ultra
234 1669 307 1726 vires
321 1669 449 1746 urgenda
468 1689 527 1728 non
547 1681 597 1728 eat.
639 1669 715 1728 Nam
735 1678 764 1727 at
783 1669 942 1747 suffocatur

147 1785 232 1841 rape,
247 1776 275 1822 et
288 1765 394 1840 majore
414 1765 479 1822 uisu
500 1767 595 1824 minua
615 1767 692 1826 alara
711 1775 763 1838 aot,
778 1773 809 1821 ot
827 1766 941 1824 iuterim

147 1861 217 1919 alito
231 1860 259 1917 in
275 1860 352 1916 illum
368 1879 467 1917 sonum
482 1862 615 1938 erumpit,
629 1862 677 1919 oui
690 1862 785 1920 Gruoi
799 1878 905 1919 noman
926 1881 943 1919 a

147 1956 285 2036 gallorum
312 1947 463 2014 immaturo
489 1967 576 2014 cautu
602 1957 749 2015 dederunt.
797 1958 847 2015 52
876 1955 944 2018 Neo

147 2051 322 2112 volubilitate
354 2053 443 2111 nimia
475 2053 685 2124 confundenda,
712 2071 775 2129 quai
801 2052 942 2112 didimus:

149 2169 204 2228 qua
223 2161 252 2208 et
271 2149 416 2208 distinctio
435 2150 518 2225 parit,
539 2160 568 2206 at
595 2149 729 2219 affectua3
754 2156 785 2205 et
811 2166 946 2206 nonnun-

149 2266 233 2323 quam
260 2248 347 2306 etiam
372 2247 457 2304 varba
483 2246 578 2321 aliqua
603 2244 648 2308 aui
668 2257 747 2320 parta
766 2245 943 2302 fraudantur.

150 2344 206 2400 Cui
220 2344 392 2400 contrarium
406 2352 449 2400 eat
460 2342 562 2399 vitium
572 2341 667 2398 nimiu
676 2341 825 2399 tarditatis.
865 2340 944 2398 Nam

150 2449 179 2497 et
210 2439 406 2496 difficultatem
433 2437 598 2496 inveniendi
624 2438 737 2508 tutatur,
765 2448 794 2494 at
820 2438 948 2514 segnitia

151 2534 233 2592 solvit
254 2535 371 2604 animos,
387 2543 425 2604 et,
440 2533 470 2592 in
490 2552 547 2608 quo
567 2543 610 2591 est
631 2533 746 2607 aliquid,
767 2533 947 2608 temporibus

150 2631 296 2707 praefinitis
317 2649 418 2705 aquarn
444 2631 544 2706 perdit.
586 2631 733 2688 Promtum
759 2631 796 2689 ait
822 2650 863 2703 oa,
886 2649 947 2688 uon

150 2748 294 2807 praeeps:
315 2730 501 2799 moderatum,
515 2747 574 2786 uon
587 2728 705 2787 lantum.

189 2827 236 2884 53.
266 2825 388 2900 Spiritus
402 2843 515 2898 quoque
528 2843 583 2881 nau
603 2826 704 2882 crebro
724 2835 856 2902 raoaptua
877 2843 951 2884 oon·

152 2923 229 2981 cidat
248 2921 433 2980 sententiam:
453 2937 509 2977 naa
529 2939 563 2977 eo
584 2939 673 2994 usque
692 2922 830 2994 trahatur,
850 2923 950 2980 donau

152 3019 273 3078 deficiat.
313 3015 390 3076 Nam
415 3025 445 3080 ot
470 3015 604 3076 deformia
629 3025 673 3076 eat
698 3018 843 3076 consumti
869 3017 954 3076 iltius

989 1656 991 1743 r
