1984 3342
240 271 666 322 HtST.0RATOR.1.1B.11.³.
787 250 851 316 'itt

52 423 161 502 alioqui
176 423 298 483 ainictus
317 423 366 483 fiet
386 433 532 501 angustus,
546 432 575 480 et
594 419 772 497 dignitatem,
787 435 850 493 qun

51 531 97 580 est
110 521 140 578 in
154 521 305 579 latitudine
318 520 451 597 pectoris,
466 518 573 594 perdet.
615 516 768 575 Sinistrum
789 513 850 572 bre·

52 618 152 676 chium
166 635 203 676 eo
216 636 306 694 usque
322 617 500 675 allevandum
520 625 572 687 est,
588 624 619 672 ut
639 613 719 690 quasi
739 629 850 670 norma-

51 714 110 772 lem
138 713 219 772 illum
241 714 376 791 angulum
397 713 492 771 iaciat.
535 713 629 788 Super
649 709 725 786 quod
744 726 795 766 ora
810 725 850 766 ex

49 811 246 888 toga'duplex
266 811 411 886 equaliter
431 809 536 868 sedeat.
560 809 644 867 ⁴142.
666 805 771 864 Manus
789 823 849 864 non

52 907 204 984 impleatur
220 908 341 978 annulis,
354 908 499 984 praecipue
513 906 623 964 medios
637 904 771 962 articulos
789 919 849 961 non

53 1003 283 1061 transeuntibus:
312 1003 394 1080 cujus
420 1004 473 1061 erit
493 1002 609 1060 habitus
627 1000 761 1077 optimus,
783 999 850 1057 alle·

53 1110 119 1157 vato
131 1099 246 1176 pollice,
260 1110 290 1158 et
301 1100 401 1178 digitis
414 1100 514 1158 leviter
527 1097 649 1169 inflexis,
662 1096 720 1153 nisi
732 1095 758 1153 si
770 1095 850 1154 libel·

52 1199 113 1257 lum
141 1198 268 1257 tenebit:
296 1197 371 1274 qnod
399 1216 457 1255 non
485 1197 585 1272 utique
604 1194 776 1270 captandum
796 1205 848 1253 est.

52 1295 177 1354 Videtur
191 1295 268 1353 enim
281 1295 365 1354 soteri
385 1293 531 1352 memoriae
551 1291 749 1363 diffidentiam,
763 1299 792 1348 et
812 1291 848 1349 ad

52 1392 159 1450 multos
185 1401 282 1470 gestus
307 1401 352 1450 est
378 1391 591 1467 impedimento.
643 1389 708 1448 143.
734 1387 849 1465 Togam

51 1499 164 1547 veteres
185 1488 220 1546 ad
240 1489 354 1546 calceos
374 1506 465 1562 usque
486 1487 683 1559 demittebant,
702 1494 735 1543 ut
752 1484 850 1543 Graeci

50 1584 180 1662 pallium.
221 1584 312 1662 quue
325 1594 358 1642 nt
371 1584 430 1657 lint,
446 1583 495 1660 qui
517 1583 553 1642 de
573 1592 655 1662 gestu
675 1582 851 1660 scripserunt

51 1681 132 1740 circa
152 1691 281 1768 tempora
301 1681 359 1755 illa,
374 1681 485 1740 Plotius
506 1681 701 1759 Nigidiusque
720 1680 851 1758 precipi-

50 1789 114 1838 unt.
167 1777 240 1840 Quo
264 1779 356 1856 magis
382 1779 470 1836 miror
495 1778 584 1837 Plinii
611 1779 740 1838 Secundi
772 1777 850 1838 docti

50 1875 188 1948 hominis,
202 1885 232 1933 et
245 1876 275 1933 in
288 1876 344 1933 hoc
358 1875 456 1952 utique
469 1877 544 1934 libro
561 1897 644 1953 piene
663 1878 748 1936 etiam
767 1877 852 1936 nimi·

50 1991 103 2031 um
123 1972 241 2045 curiosi,
261 1971 486 2048 persuasionem,
501 1973 550 2048 qui
571 1973 686 2031 solitum
707 1974 736 2031 id
754 1974 851 2033 iacere

51 2069 229 2127 Ciceronem
262 2069 446 2126 velandorum
474 2069 602 2126 varicum
634 2069 726 2146 gratia
750 2070 849 2127 tradit:

50 2185 121 2224 cum
135 2165 193 2222 hoc
207 2164 328 2222 amictus
341 2183 432 2242 genus
446 2164 475 2220 in
489 2165 590 2221 statuis
610 2182 707 2222 eorum
727 2181 850 2238 quoqne,

50 2263 102 2339 qui
116 2271 182 2340 post
196 2261 367 2319 Ciceronem
382 2261 506 2332 suerunt,
521 2269 660 2336 appareat.
703 2259 767 2318 144.
788 2258 852 2318 Pal-

50 2353 166 2432 liolum,
185 2359 262 2417 sicut
282 2359 394 2429 fascias,
415 2357 519 2433 quibus
539 2376 623 2414 crura
642 2357 808 2430 vestiuntur,
823 2368 852 2416 et

50 2456 170 2527 focalia,
184 2465 213 2513 et
228 2455 338 2512 aurium
351 2455 516 2532 ligamenta,
531 2454 592 2510 sola
604 2471 741 2512 excusare
757 2463 853 2531 potest

50 2552 197 2611 valetudo.

93 2650 155 2709 Sed
176 2649 238 2707 haec
259 2649 381 2706 amictus
400 2648 570 2719 observatio,
591 2648 658 2705 dum
682 2647 851 2725 incipimus:

50 2747 229 2824 procedente
243 2764 311 2803 vero
325 2756 400 2817 actu,
418 2745 477 2822 jem
490 2763 572 2821 paene
586 2746 622 2803 ab
636 2744 718 2802 initio
737 2744 854 2803 narrati·

51 2843 129 2916 onis,
145 2844 225 2901 sinus
239 2844 275 2900 ab
296 2842 415 2900 humero
433 2855 513 2900 recte
533 2841 610 2899 velut
630 2853 730 2916 sponte
750 2841 854 2898 delabi·

50 2953 116 2999 tur:
139 2951 256 2997 etcum
278 2938 313 2996 ad
335 2950 504 3015 argumenta
525 2957 559 2995 ac
578 2939 660 2994 locos
673 2945 787 2993 ventum
801 2943 853 3007 est,

51 3037 176 3115 rejicere
191 3035 336 3094 asinistro
349 3044 455 3110 togam,
470 3033 595 3109 dejicere
615 3031 710 3102 etiam,
724 3031 748 3087 si
767 3029 855 3089 haene
