<?xml version="1.0" encoding="UTF-8"?>
<!DOCTYPE html PUBLIC "-//W3C//DTD XHTML 1.0 Transitional//EN"
    "http://www.w3.org/TR/xhtml1/DTD/xhtml1-transitional.dtd">
<html xmlns="http://www.w3.org/1999/xhtml" xml:lang="en" lang="en">
 <head>
  <title>
</title>
<meta http-equiv="Content-Type" content="text/html;charset=utf-8" />
  <meta name='ocr-system' content='tesseract 3.04.00' />
  <meta name='ocr-capabilities' content='ocr_page ocr_carea ocr_par ocr_line ocrx_word'/>
</head>
<body>
  <div class='ocr_page' id='page_1' title='image "./mfabiiquintilia01dillgoog_0128.png"; bbox 0 0 1984 3342; ppageno 0'>
   <div class='ocr_carea' id='block_1_1' title="bbox 152 231 722 296">
    <p class='ocr_par' dir='ltr' id='par_1_1' title="bbox 152 13 984 351">
     <span class='ocr_line' id='line_1_1' title="bbox 152 231 722 296; baseline -0.006 -7"><span class='ocrx_word' id='word_1_1' title='bbox 152 231 210 296; x_wconf 67' lang='lat' dir='ltr'><strong>m</strong></span> <span class='ocrx_word' id='word_1_2' title='bbox 372 241 408 288; x_wconf 78' lang='lat' dir='ltr'><strong>M.</strong></span> <span class='ocrx_word' id='word_1_3' title='bbox 427 239 496 286; x_wconf 74' lang='lat' dir='ltr'><strong>FAB.</strong></span> <span class='ocrx_word' id='word_1_4' title='bbox 517 236 722 294; x_wconf 67' lang='lat' dir='ltr'><strong>tammam</strong></span> 
     </span>
    </p>
   </div>
   <div class='ocr_carea' id='block_1_2' title="bbox 152 364 983 558">
    <p class='ocr_par' dir='ltr' id='par_1_2' title="bbox 152 364 983 558">
     <span class='ocr_line' id='line_1_2' title="bbox 152 364 983 463; baseline -0.004 -15"><span class='ocrx_word' id='word_1_5' title='bbox 152 394 269 462; x_wconf 69' lang='lat' dir='ltr'><strong>coeunt,</strong></span> <span class='ocrx_word' id='word_1_6' title='bbox 283 400 312 448; x_wconf 84' lang='lat' dir='ltr'><strong>et</strong></span> <span class='ocrx_word' id='word_1_7' title='bbox 325 388 543 447; x_wconf 86' lang='lat' dir='ltr'><strong>consonantium</strong></span> <span class='ocrx_word' id='word_1_8' title='bbox 563 387 691 463; x_wconf 76' lang='lat' dir='ltr'><strong>quodam</strong></span> <span class='ocrx_word' id='word_1_9' title='bbox 711 385 885 460; x_wconf 73' lang='lat' dir='ltr'><strong>insequente</strong></span> <span class='ocrx_word' id='word_1_10' title='bbox 903 403 950 443; x_wconf 84' lang='lat' dir='ltr'><strong>vo-</strong></span> <span class='ocrx_word' id='word_1_11' title='bbox 982 364 983 445; x_wconf 30' lang='lat' dir='ltr'><strong>i</strong></span> 
     </span>
     <span class='ocr_line' id='line_1_3' title="bbox 153 470 983 558; baseline -0.006 -16"><span class='ocrx_word' id='word_1_12' title='bbox 153 484 207 542; x_wconf 86' lang='lat' dir='ltr'><strong>cali</strong></span> <span class='ocrx_word' id='word_1_13' title='bbox 228 484 433 542; x_wconf 85' lang='lat' dir='ltr'><strong>dissimulatur:</strong></span> <span class='ocrx_word' id='word_1_14' title='bbox 454 484 603 558; x_wconf 84' lang='lat' dir='ltr'><strong>utriusque</strong></span> <span class='ocrx_word' id='word_1_15' title='bbox 614 481 775 558; x_wconf 76' lang='lat' dir='ltr'><strong>exemplum</strong></span> <span class='ocrx_word' id='word_1_16' title='bbox 788 481 947 557; x_wconf 73' lang='lat' dir='ltr'><strong>posuimus,</strong></span> <span class='ocrx_word' id='word_1_17' title='bbox 982 470 983 525; x_wconf 76' lang='lat' dir='ltr'><strong>i</strong></span> 
     </span>
    </p>
   </div>
   <div class='ocr_carea' id='block_1_3' title="bbox 306 672 788 724">
    <p class='ocr_par' dir='ltr' id='par_1_3' title="bbox 306 672 788 724">
     <span class='ocr_line' id='line_1_4' title="bbox 306 672 788 724; baseline -0.002 -2"><span class='ocrx_word' id='word_1_18' title='bbox 306 679 323 706; x_wconf 72' lang='lat'><strong>‘⁴</strong></span> <span class='ocrx_word' id='word_1_19' title='bbox 331 674 443 723; x_wconf 86' lang='lat' dir='ltr'><strong>Multum</strong></span> <span class='ocrx_word' id='word_1_20' title='bbox 453 674 494 724; x_wconf 87' lang='lat' dir='ltr'><strong>ille</strong></span> <span class='ocrx_word' id='word_1_21' title='bbox 506 680 532 722; x_wconf 86' lang='lat' dir='ltr'><strong>et</strong></span> <span class='ocrx_word' id='word_1_22' title='bbox 543 673 613 722; x_wconf 81' lang='lat' dir='ltr'><strong>terris</strong></span> <span class='ocrx_word' id='word_1_23' title='bbox 614 706 764 722; x_wconf 90' lang='grc'><strong>.......</strong></span> <span class='ocrx_word' id='word_1_24' title='bbox 772 672 788 693; x_wconf 91' lang='grc'><em>”</em></span> 
     </span>
    </p>
   </div>
   <div class='ocr_carea' id='block_1_4' title="bbox 130 869 984 3058">
    <p class='ocr_par' dir='ltr' id='par_1_4' title="bbox 130 869 984 3058">
     <span class='ocr_line' id='line_1_5' title="bbox 151 869 983 949; baseline -0.002 -21"><span class='ocrx_word' id='word_1_25' title='bbox 151 871 198 928; x_wconf 80' lang='grc'><strong>35.</strong></span> <span class='ocrx_word' id='word_1_26' title='bbox 219 869 333 928; x_wconf 79' lang='lat' dir='ltr'><strong>Vitatur</strong></span> <span class='ocrx_word' id='word_1_27' title='bbox 347 869 432 928; x_wconf 87' lang='lat' dir='ltr'><strong>etiam</strong></span> <span class='ocrx_word' id='word_1_28' title='bbox 453 869 598 927; x_wconf 85' lang='lat' dir='ltr'><strong>duriorum</strong></span> <span class='ocrx_word' id='word_1_29' title='bbox 619 869 692 928; x_wconf 88' lang='lat' dir='ltr'><strong>iuter</strong></span> <span class='ocrx_word' id='word_1_30' title='bbox 712 887 743 927; x_wconf 83' lang='lat' dir='ltr'><strong>se</strong></span> <span class='ocrx_word' id='word_1_31' title='bbox 763 886 945 946; x_wconf 81' lang='lat' dir='ltr'><strong>congressus,</strong></span> <span class='ocrx_word' id='word_1_32' title='bbox 982 930 983 949; x_wconf 20' lang='grc' dir='ltr'>ἶ</span> 
     </span>
     <span class='ocr_line' id='line_1_6' title="bbox 152 965 984 1055; baseline -0.002 -31"><span class='ocrx_word' id='word_1_33' title='bbox 152 967 228 1025; x_wconf 91' lang='lat' dir='ltr'><strong>unde</strong></span> <span class='ocrx_word' id='word_1_34' title='bbox 241 967 366 1044; x_wconf 72' lang='lat' dir='ltr'><strong>pellexit,</strong></span> <span class='ocrx_word' id='word_1_35' title='bbox 381 977 411 1025; x_wconf 91' lang='lat' dir='ltr'><strong>et</strong></span> <span class='ocrx_word' id='word_1_36' title='bbox 435 967 558 1042; x_wconf 79' lang='lat' dir='ltr'><strong>collegit,</strong></span> <span class='ocrx_word' id='word_1_37' title='bbox 572 977 602 1024; x_wconf 87' lang='lat' dir='ltr'><strong>et</strong></span> <span class='ocrx_word' id='word_1_38' title='bbox 620 986 684 1041; x_wconf 77' lang='lat' dir='ltr'><strong>quae</strong></span> <span class='ocrx_word' id='word_1_39' title='bbox 706 965 762 1023; x_wconf 87' lang='lat' dir='ltr'><strong>alio</strong></span> <span class='ocrx_word' id='word_1_40' title='bbox 781 965 850 1022; x_wconf 85' lang='lat' dir='ltr'><strong>ioco</strong></span> <span class='ocrx_word' id='word_1_41' title='bbox 869 965 945 1023; x_wconf 83' lang='lat' dir='ltr'><strong>dicta</strong></span> <span class='ocrx_word' id='word_1_42' title='bbox 982 980 984 1055; x_wconf 53' lang='lat' dir='ltr'><strong>p</strong></span> 
     </span>
     <span class='ocr_line' id='line_1_7' title="bbox 151 1062 983 1139; baseline -0.002 -18"><span class='ocrx_word' id='word_1_43' title='bbox 151 1074 225 1123; x_wconf 86' lang='lat' dir='ltr'><strong>sunt.</strong></span> <span class='ocrx_word' id='word_1_44' title='bbox 266 1062 390 1139; x_wconf 88' lang='lat' dir='ltr'><strong>Ideoque</strong></span> <span class='ocrx_word' id='word_1_45' title='bbox 404 1063 535 1120; x_wconf 86' lang='lat' dir='ltr'><strong>laudatur</strong></span> <span class='ocrx_word' id='word_1_46' title='bbox 549 1063 579 1120; x_wconf 90' lang='lat' dir='ltr'><strong>in</strong></span> <span class='ocrx_word' id='word_1_47' title='bbox 593 1062 697 1120; x_wconf 87' lang='lat' dir='ltr'><strong>Catulo</strong></span> <span class='ocrx_word' id='word_1_48' title='bbox 709 1062 806 1120; x_wconf 71' lang='lat' dir='ltr'><strong>mucis</strong></span> <span class='ocrx_word' id='word_1_49' title='bbox 820 1062 944 1137; x_wconf 79' lang='lat' dir='ltr'><strong>appello·</strong></span> <span class='ocrx_word' id='word_1_50' title='bbox 982 1070 983 1119; x_wconf 72' lang='lat' dir='ltr'><strong>t</strong></span> 
     </span>
     <span class='ocr_line' id='line_1_8' title="bbox 151 1157 944 1230; baseline -0.006 -12"><span class='ocrx_word' id='word_1_51' title='bbox 151 1159 192 1218; x_wconf 77' lang='lat' dir='ltr'><strong>tio</strong></span> <span class='ocrx_word' id='word_1_52' title='bbox 212 1161 378 1218; x_wconf 82' lang='lat' dir='ltr'><strong>litterarum.</strong></span> <span class='ocrx_word' id='word_1_53' title='bbox 420 1159 586 1217; x_wconf 84' lang='lat' dir='ltr'><strong>Secundum</strong></span> <span class='ocrx_word' id='word_1_54' title='bbox 600 1168 653 1230; x_wconf 84' lang='lat' dir='ltr'><strong>est,</strong></span> <span class='ocrx_word' id='word_1_55' title='bbox 667 1168 699 1215; x_wconf 93' lang='lat' dir='ltr'><strong>ut</strong></span> <span class='ocrx_word' id='word_1_56' title='bbox 717 1158 758 1214; x_wconf 83' lang='lat' dir='ltr'><strong>sit</strong></span> <span class='ocrx_word' id='word_1_57' title='bbox 776 1158 871 1215; x_wconf 79' lang='lat' dir='ltr'><strong>oratio</strong></span> <span class='ocrx_word' id='word_1_58' title='bbox 888 1157 944 1214; x_wconf 83' lang='lat' dir='ltr'><strong>dis·</strong></span> 
     </span>
     <span class='ocr_line' id='line_1_9' title="bbox 152 1253 983 1333; baseline -0.006 -19"><span class='ocrx_word' id='word_1_59' title='bbox 152 1258 253 1330; x_wconf 82' lang='lat' dir='ltr'><strong>tincta,</strong></span> <span class='ocrx_word' id='word_1_60' title='bbox 269 1257 297 1314; x_wconf 93' lang='lat' dir='ltr'><strong>id</strong></span> <span class='ocrx_word' id='word_1_61' title='bbox 312 1267 363 1329; x_wconf 90' lang='lat' dir='ltr'><strong>est,</strong></span> <span class='ocrx_word' id='word_1_62' title='bbox 377 1267 419 1329; x_wconf 90' lang='lat' dir='ltr'><strong>ut,</strong></span> <span class='ocrx_word' id='word_1_63' title='bbox 434 1255 482 1331; x_wconf 89' lang='lat' dir='ltr'><strong>qui</strong></span> <span class='ocrx_word' id='word_1_64' title='bbox 496 1255 577 1325; x_wconf 89' lang='lat' dir='ltr'><strong>dicit,</strong></span> <span class='ocrx_word' id='word_1_65' title='bbox 585 1265 615 1311; x_wconf 90' lang='lat' dir='ltr'><strong>et</strong></span> <span class='ocrx_word' id='word_1_66' title='bbox 627 1254 746 1330; x_wconf 79' lang='lat' dir='ltr'><strong>incipiat</strong></span> <span class='ocrx_word' id='word_1_67' title='bbox 758 1253 808 1310; x_wconf 86' lang='lat' dir='ltr'><strong>ubi</strong></span> <span class='ocrx_word' id='word_1_68' title='bbox 822 1263 942 1328; x_wconf 88' lang='lat' dir='ltr'><strong>oportet,</strong></span> <span class='ocrx_word' id='word_1_69' title='bbox 982 1262 983 1333; x_wconf 57' lang='lat' dir='ltr'><strong>i</strong></span> 
     </span>
     <span class='ocr_line' id='line_1_10' title="bbox 151 1338 983 1424; baseline -0.007 -13"><span class='ocrx_word' id='word_1_70' title='bbox 151 1363 180 1411; x_wconf 86' lang='lat' dir='ltr'><strong>et</strong></span> <span class='ocrx_word' id='word_1_71' title='bbox 194 1353 311 1411; x_wconf 88' lang='lat' dir='ltr'><strong>desinat.</strong></span> <span class='ocrx_word' id='word_1_72' title='bbox 353 1350 570 1410; x_wconf 84' lang='lat' dir='ltr'><strong>Observandum</strong></span> <span class='ocrx_word' id='word_1_73' title='bbox 590 1350 686 1421; x_wconf 86' lang='lat' dir='ltr'><strong>etiam,</strong></span> <span class='ocrx_word' id='word_1_74' title='bbox 700 1369 758 1424; x_wconf 91' lang='lat' dir='ltr'><strong>quo</strong></span> <span class='ocrx_word' id='word_1_75' title='bbox 776 1348 843 1406; x_wconf 90' lang='lat' dir='ltr'><strong>loco</strong></span> <span class='ocrx_word' id='word_1_76' title='bbox 863 1349 943 1406; x_wconf 85' lang='lat' dir='ltr'><strong>susti·</strong></span> <span class='ocrx_word' id='word_1_77' title='bbox 982 1338 983 1405; x_wconf 75' lang='lat' dir='ltr'><strong>i</strong></span> 
     </span>
     <span class='ocr_line' id='line_1_11' title="bbox 130 1434 983 1524; baseline -0.006 -18"><span class='ocrx_word' id='word_1_78' title='bbox 130 1449 262 1514; x_wconf 58' lang='lat' dir='ltr'><strong>,nendus</strong></span> <span class='ocrx_word' id='word_1_79' title='bbox 288 1458 317 1506; x_wconf 90' lang='lat' dir='ltr'><strong>et</strong></span> <span class='ocrx_word' id='word_1_80' title='bbox 343 1449 422 1524; x_wconf 90' lang='lat' dir='ltr'><strong>quasi</strong></span> <span class='ocrx_word' id='word_1_81' title='bbox 435 1434 664 1523; x_wconf 58' lang='lat' dir='ltr'><strong>&#39;suspendendus</strong></span> <span class='ocrx_word' id='word_1_82' title='bbox 683 1464 777 1503; x_wconf 86' lang='lat' dir='ltr'><strong>sermo</strong></span> <span class='ocrx_word' id='word_1_83' title='bbox 795 1445 833 1502; x_wconf 83' lang='lat' dir='ltr'><strong>sit</strong></span> <span class='ocrx_word' id='word_1_84' title='bbox 854 1445 943 1523; x_wconf 89' lang='lat' dir='ltr'><strong>(quod</strong></span> <span class='ocrx_word' id='word_1_85' title='bbox 982 1484 983 1489; x_wconf 20' lang='grc' dir='ltr'><strong>κ</strong></span> 
     </span>
     <span class='ocr_line' id='line_1_12' title="bbox 151 1544 984 1633; baseline -0.004 -32"><span class='ocrx_word' id='word_1_86' title='bbox 151 1545 246 1602; x_wconf 83' lang='lat' dir='ltr'><strong>Graeci</strong></span> <span class='ocrx_word' id='word_1_87' title='bbox 267 1545 462 1616; x_wconf 76' lang='grc' dir='ltr'><strong><em>ὑποδιαστολὴν</em></strong></span> <span class='ocrx_word' id='word_1_88' title='bbox 488 1544 533 1601; x_wconf 85' lang='lat' dir='ltr'><strong>vel</strong></span> <span class='ocrx_word' id='word_1_89' title='bbox 552 1545 719 1618; x_wconf 69' lang='grc' dir='ltr'><strong><em>ὑποστιγμὴν</em></strong></span> <span class='ocrx_word' id='word_1_90' title='bbox 738 1545 868 1620; x_wconf 77' lang='lat' dir='ltr'><strong>vocant),</strong></span> <span class='ocrx_word' id='word_1_91' title='bbox 889 1559 944 1618; x_wconf 80' lang='lat' dir='ltr'><strong>quo</strong></span> <span class='ocrx_word' id='word_1_92' title='bbox 982 1594 984 1633; x_wconf 28' lang='grc' dir='ltr'>ἱ</span> 
     </span>
     <span class='ocr_line' id='line_1_13' title="bbox 150 1638 943 1716; baseline -0.001 -21"><span class='ocrx_word' id='word_1_93' title='bbox 150 1639 345 1715; x_wconf 88' lang='lat' dir='ltr'><strong>deponendus.</strong></span> <span class='ocrx_word' id='word_1_94' title='bbox 392 1639 438 1698; x_wconf 82' lang='lat'><strong>36.</strong></span> <span class='ocrx_word' id='word_1_95' title='bbox 467 1640 667 1716; x_wconf 74' lang='lat' dir='ltr'><strong>suspenditur,</strong></span> <span class='ocrx_word' id='word_1_96' title='bbox 688 1638 781 1696; x_wconf 83' lang='lat' dir='ltr'><strong>Arma</strong></span> <span class='ocrx_word' id='word_1_97' title='bbox 799 1639 943 1714; x_wconf 73' lang='lat' dir='ltr'><strong>virumque</strong></span> 
     </span>
     <span class='ocr_line' id='line_1_14' title="bbox 152 1735 943 1811; baseline 0.001 -21"><span class='ocrx_word' id='word_1_98' title='bbox 152 1753 242 1791; x_wconf 81' lang='lat' dir='ltr'><strong>cano:</strong></span> <span class='ocrx_word' id='word_1_99' title='bbox 269 1735 426 1809; x_wconf 89' lang='lat' dir='ltr'><strong>quiaillud</strong></span> <span class='ocrx_word' id='word_1_100' title='bbox 453 1735 486 1792; x_wconf 90' lang='lat' dir='ltr'><strong>ad</strong></span> <span class='ocrx_word' id='word_1_101' title='bbox 514 1736 662 1811; x_wconf 87' lang='lat' dir='ltr'><strong>sequentia</strong></span> <span class='ocrx_word' id='word_1_102' title='bbox 686 1735 818 1810; x_wconf 86' lang='lat' dir='ltr'><strong>pertinet,</strong></span> <span class='ocrx_word' id='word_1_103' title='bbox 840 1745 873 1791; x_wconf 92' lang='lat' dir='ltr'><strong>ut</strong></span> <span class='ocrx_word' id='word_1_104' title='bbox 898 1735 943 1805; x_wconf 87' lang='lat' dir='ltr'><strong>sit,</strong></span> 
     </span>
     <span class='ocr_line' id='line_1_15' title="bbox 152 1830 943 1908; baseline 0.003 -22"><span class='ocrx_word' id='word_1_105' title='bbox 152 1831 252 1901; x_wconf 82' lang='lat' dir='ltr'><strong>cirum,</strong></span> <span class='ocrx_word' id='word_1_106' title='bbox 273 1830 366 1906; x_wconf 79' lang='lat' dir='ltr'><strong>Trojc</strong></span> <span class='ocrx_word' id='word_1_107' title='bbox 380 1831 429 1908; x_wconf 80' lang='lat' dir='ltr'><strong>qui</strong></span> <span class='ocrx_word' id='word_1_108' title='bbox 436 1831 547 1907; x_wconf 73' lang='lat' dir='ltr'><strong>prims</strong></span> <span class='ocrx_word' id='word_1_109' title='bbox 561 1831 597 1890; x_wconf 79' lang='lat' dir='ltr'><strong>ab</strong></span> <span class='ocrx_word' id='word_1_110' title='bbox 610 1832 686 1890; x_wconf 80' lang='lat' dir='ltr'><strong>crist</strong></span> <span class='ocrx_word' id='word_1_111' title='bbox 706 1841 734 1888; x_wconf 90' lang='lat' dir='ltr'><strong>et</strong></span> <span class='ocrx_word' id='word_1_112' title='bbox 754 1831 803 1888; x_wconf 86' lang='lat' dir='ltr'><strong>hic</strong></span> <span class='ocrx_word' id='word_1_113' title='bbox 823 1831 943 1888; x_wconf 87' lang='lat' dir='ltr'><strong>iterum:</strong></span> 
     </span>
     <span class='ocr_line' id='line_1_16' title="bbox 152 1927 944 2002; baseline 0 -18"><span class='ocrx_word' id='word_1_114' title='bbox 152 1945 218 1992; x_wconf 87' lang='lat' dir='ltr'><strong>nam</strong></span> <span class='ocrx_word' id='word_1_115' title='bbox 245 1927 356 1985; x_wconf 87' lang='lat' dir='ltr'><strong>etiamsi</strong></span> <span class='ocrx_word' id='word_1_116' title='bbox 384 1927 461 1984; x_wconf 90' lang='lat' dir='ltr'><strong>aliud</strong></span> <span class='ocrx_word' id='word_1_117' title='bbox 487 1937 539 1999; x_wconf 88' lang='lat' dir='ltr'><strong>est,</strong></span> <span class='ocrx_word' id='word_1_118' title='bbox 566 1929 643 1985; x_wconf 91' lang='lat' dir='ltr'><strong>unde</strong></span> <span class='ocrx_word' id='word_1_119' title='bbox 668 1927 754 1998; x_wconf 87' lang='lat' dir='ltr'><strong>venit,</strong></span> <span class='ocrx_word' id='word_1_120' title='bbox 774 1947 861 2002; x_wconf 87' lang='lat' dir='ltr'><strong>quam</strong></span> <span class='ocrx_word' id='word_1_121' title='bbox 889 1945 944 2002; x_wconf 88' lang='lat' dir='ltr'><strong>quo</strong></span> 
     </span>
     <span class='ocr_line' id='line_1_17' title="bbox 152 2016 983 2100; baseline 0.002 -20"><span class='ocrx_word' id='word_1_122' title='bbox 152 2025 239 2096; x_wconf 86' lang='lat' dir='ltr'><strong>venit,</strong></span> <span class='ocrx_word' id='word_1_123' title='bbox 253 2043 312 2082; x_wconf 91' lang='lat' dir='ltr'><strong>non</strong></span> <span class='ocrx_word' id='word_1_124' title='bbox 332 2023 564 2100; x_wconf 83' lang='lat' dir='ltr'><strong>distinguendum</strong></span> <span class='ocrx_word' id='word_1_125' title='bbox 585 2034 690 2095; x_wconf 87' lang='lat' dir='ltr'><strong>tamen,</strong></span> <span class='ocrx_word' id='word_1_126' title='bbox 704 2024 772 2098; x_wconf 87' lang='lat' dir='ltr'><strong>quia</strong></span> <span class='ocrx_word' id='word_1_127' title='bbox 791 2034 944 2099; x_wconf 81' lang='lat' dir='ltr'><strong>utrumque</strong></span> <span class='ocrx_word' id='word_1_128' title='bbox 982 2016 983 2069; x_wconf 66' lang='lat' dir='ltr'><strong>l</strong></span> 
     </span>
     <span class='ocr_line' id='line_1_18' title="bbox 152 2119 983 2191; baseline 0 -13"><span class='ocrx_word' id='word_1_129' title='bbox 152 2121 253 2178; x_wconf 87' lang='lat' dir='ltr'><strong>eodem</strong></span> <span class='ocrx_word' id='word_1_130' title='bbox 266 2119 352 2178; x_wconf 90' lang='lat' dir='ltr'><strong>modo</strong></span> <span class='ocrx_word' id='word_1_131' title='bbox 365 2121 451 2177; x_wconf 86' lang='lat' dir='ltr'><strong>verbo</strong></span> <span class='ocrx_word' id='word_1_132' title='bbox 464 2120 635 2191; x_wconf 77' lang='lat' dir='ltr'><strong>continetur,</strong></span> <span class='ocrx_word' id='word_1_133' title='bbox 649 2121 733 2177; x_wconf 82' lang='lat' dir='ltr'><strong>venit.</strong></span> <span class='ocrx_word' id='word_1_134' title='bbox 773 2119 820 2176; x_wconf 83' lang='lat'><strong>37.</strong></span> <span class='ocrx_word' id='word_1_135' title='bbox 841 2119 944 2178; x_wconf 86' lang='lat' dir='ltr'><strong>Tertio</strong></span> <span class='ocrx_word' id='word_1_136' title='bbox 982 2156 983 2185; x_wconf 64' lang='lat'><strong>,</strong></span> 
     </span>
     <span class='ocr_line' id='line_1_19' title="bbox 152 2213 944 2292; baseline -0.001 -18"><span class='ocrx_word' id='word_1_137' title='bbox 152 2217 280 2288; x_wconf 81' lang='lat' dir='ltr'><strong>Italiam,</strong></span> <span class='ocrx_word' id='word_1_138' title='bbox 302 2215 368 2290; x_wconf 90' lang='lat' dir='ltr'><strong>quia</strong></span> <span class='ocrx_word' id='word_1_139' title='bbox 394 2215 554 2292; x_wconf 86' lang='lat' dir='ltr'><strong>interjectio</strong></span> <span class='ocrx_word' id='word_1_140' title='bbox 575 2226 626 2287; x_wconf 89' lang='lat' dir='ltr'><strong>est,</strong></span> <span class='ocrx_word' id='word_1_141' title='bbox 646 2215 719 2290; x_wconf 87' lang='lat' dir='ltr'><strong>fato</strong></span> <span class='ocrx_word' id='word_1_142' title='bbox 737 2213 896 2292; x_wconf 53' lang='lat' dir='ltr'><strong>prmus,</strong></span> <span class='ocrx_word' id='word_1_143' title='bbox 916 2227 944 2274; x_wconf 90' lang='lat' dir='ltr'><strong>et</strong></span> 
     </span>
     <span class='ocr_line' id='line_1_20' title="bbox 154 2310 944 2385; baseline 0.004 -18"><span class='ocrx_word' id='word_1_144' title='bbox 154 2313 320 2368; x_wconf 87' lang='lat' dir='ltr'><strong>continuum</strong></span> <span class='ocrx_word' id='word_1_145' title='bbox 341 2329 501 2368; x_wconf 89' lang='lat' dir='ltr'><strong>sermonem</strong></span> <span class='ocrx_word' id='word_1_146' title='bbox 522 2310 570 2385; x_wconf 90' lang='lat' dir='ltr'><strong>qui</strong></span> <span class='ocrx_word' id='word_1_147' title='bbox 592 2311 722 2382; x_wconf 83' lang='lat' dir='ltr'><strong>faciebat,</strong></span> <span class='ocrx_word' id='word_1_148' title='bbox 743 2311 865 2368; x_wconf 75' lang='lat' dir='ltr'><strong>Italiam</strong></span> <span class='ocrx_word' id='word_1_149' title='bbox 885 2313 944 2370; x_wconf 83' lang='lat' dir='ltr'><strong>Lu·</strong></span> 
     </span>
     <span class='ocr_line' id='line_1_21' title="bbox 152 2406 942 2482; baseline 0.003 -20"><span class='ocrx_word' id='word_1_150' title='bbox 152 2407 281 2482; x_wconf 80' lang='lat' dir='ltr'><strong>vinaque,</strong></span> <span class='ocrx_word' id='word_1_151' title='bbox 296 2406 403 2464; x_wconf 89' lang='lat' dir='ltr'><strong>dividit.</strong></span> <span class='ocrx_word' id='word_1_152' title='bbox 444 2407 492 2464; x_wconf 95' lang='lat' dir='ltr'><strong>Ob</strong></span> <span class='ocrx_word' id='word_1_153' title='bbox 506 2407 682 2481; x_wconf 87' lang='lat' dir='ltr'><strong>eandemque</strong></span> <span class='ocrx_word' id='word_1_154' title='bbox 701 2425 816 2464; x_wconf 87' lang='lat' dir='ltr'><strong>causam</strong></span> <span class='ocrx_word' id='word_1_155' title='bbox 819 2419 942 2482; x_wconf 88' lang='lat' dir='ltr'><strong>q,uart0</strong></span> 
     </span>
     <span class='ocr_line' id='line_1_22' title="bbox 152 2501 943 2578; baseline 0.006 -22"><span class='ocrx_word' id='word_1_156' title='bbox 152 2501 308 2577; x_wconf 69' lang='lat' dir='ltr'><strong>prffugrss,</strong></span> <span class='ocrx_word' id='word_1_157' title='bbox 330 2502 634 2578; x_wconf 60' lang='lat' dir='ltr'><strong>contemnensque</strong></span> <span class='ocrx_word' id='word_1_158' title='bbox 659 2505 735 2560; x_wconf 81' lang='lat' dir='ltr'><strong>venit</strong></span> <span class='ocrx_word' id='word_1_159' title='bbox 761 2505 866 2569; x_wconf 84' lang='lat' dir='ltr'><strong>litora‚·</strong></span> <span class='ocrx_word' id='word_1_160' title='bbox 896 2505 943 2562; x_wconf 92' lang='lat' dir='ltr'><strong>ubi</strong></span> 
     </span>
     <span class='ocr_line' id='line_1_23' title="bbox 154 2597 941 2674; baseline 0.003 -20"><span class='ocrx_word' id='word_1_161' title='bbox 154 2597 213 2670; x_wconf 89' lang='lat' dir='ltr'><strong>jam</strong></span> <span class='ocrx_word' id='word_1_162' title='bbox 227 2598 282 2656; x_wconf 87' lang='lat' dir='ltr'><strong>crit</strong></span> <span class='ocrx_word' id='word_1_163' title='bbox 295 2599 441 2656; x_wconf 88' lang='lat' dir='ltr'><strong>distinctio</strong></span> <span class='ocrx_word' id='word_1_164' title='bbox 443 2599 532 2674; x_wconf 90' lang='lat' dir='ltr'><strong>,quia</strong></span> <span class='ocrx_word' id='word_1_165' title='bbox 546 2599 612 2657; x_wconf 92' lang='lat' dir='ltr'><strong>inde</strong></span> <span class='ocrx_word' id='word_1_166' title='bbox 626 2599 719 2656; x_wconf 85' lang='lat' dir='ltr'><strong>alius</strong></span> <span class='ocrx_word' id='word_1_167' title='bbox 712 2599 812 2674; x_wconf 76' lang='lat' dir='ltr'><strong>incipit</strong></span> <span class='ocrx_word' id='word_1_168' title='bbox 833 2619 941 2658; x_wconf 87' lang='lat' dir='ltr'><strong>sensus.</strong></span> 
     </span>
     <span class='ocr_line' id='line_1_24' title="bbox 151 2693 942 2771; baseline 0 -19"><span class='ocrx_word' id='word_1_169' title='bbox 151 2693 246 2752; x_wconf 77' lang='lat' dir='ltr'><strong>Sed</strong></span> <span class='ocrx_word' id='word_1_170' title='bbox 239 2713 269 2753; x_wconf 86' lang='lat' dir='ltr'><strong>rn</strong></span> <span class='ocrx_word' id='word_1_171' title='bbox 297 2695 365 2770; x_wconf 86' lang='lat' dir='ltr'><strong>ipsis</strong></span> <span class='ocrx_word' id='word_1_172' title='bbox 385 2695 470 2752; x_wconf 88' lang='lat' dir='ltr'><strong>etiam</strong></span> <span class='ocrx_word' id='word_1_173' title='bbox 491 2695 723 2752; x_wconf 82' lang='lat' dir='ltr'><strong>distinctionibus</strong></span> <span class='ocrx_word' id='word_1_174' title='bbox 742 2706 854 2771; x_wconf 79' lang='lat' dir='ltr'><strong>tompus</strong></span> <span class='ocrx_word' id='word_1_175' title='bbox 876 2697 942 2753; x_wconf 85' lang='lat' dir='ltr'><strong>alias</strong></span> 
     </span>
     <span class='ocr_line' id='line_1_25' title="bbox 151 2790 941 2867; baseline 0 -19"><span class='ocrx_word' id='word_1_176' title='bbox 151 2790 275 2863; x_wconf 87' lang='lat' dir='ltr'><strong>brevius,</strong></span> <span class='ocrx_word' id='word_1_177' title='bbox 297 2791 366 2848; x_wconf 86' lang='lat' dir='ltr'><strong>alias</strong></span> <span class='ocrx_word' id='word_1_178' title='bbox 392 2791 507 2867; x_wconf 86' lang='lat' dir='ltr'><strong>longius</strong></span> <span class='ocrx_word' id='word_1_179' title='bbox 532 2791 671 2848; x_wconf 79' lang='lat' dir='ltr'><strong>dabimus.</strong></span> <span class='ocrx_word' id='word_1_180' title='bbox 712 2791 835 2848; x_wconf 81' lang='lat' dir='ltr'><strong>Intereat</strong></span> <span class='ocrx_word' id='word_1_181' title='bbox 855 2793 941 2861; x_wconf 89' lang='lat' dir='ltr'><strong>enim,</strong></span> 
     </span>
     <span class='ocr_line' id='line_1_26' title="bbox 151 2885 942 2959; baseline -0.001 -15"><span class='ocrx_word' id='word_1_182' title='bbox 151 2905 312 2944; x_wconf 83' lang='lat' dir='ltr'><strong>sermonem</strong></span> <span class='ocrx_word' id='word_1_183' title='bbox 332 2885 441 2956; x_wconf 86' lang='lat' dir='ltr'><strong>finiant,</strong></span> <span class='ocrx_word' id='word_1_184' title='bbox 457 2904 492 2942; x_wconf 89' lang='lat' dir='ltr'><strong>an</strong></span> <span class='ocrx_word' id='word_1_185' title='bbox 512 2904 635 2944; x_wconf 83' lang='lat' dir='ltr'><strong>sensum.</strong></span> <span class='ocrx_word' id='word_1_186' title='bbox 675 2887 722 2942; x_wconf 83' lang='grc'><strong>38.</strong></span> <span class='ocrx_word' id='word_1_187' title='bbox 744 2885 845 2959; x_wconf 87' lang='lat' dir='ltr'><strong>Itaque</strong></span> <span class='ocrx_word' id='word_1_188' title='bbox 866 2886 942 2943; x_wconf 87' lang='lat' dir='ltr'><strong>iliam</strong></span> 
     </span>
     <span class='ocr_line' id='line_1_27' title="bbox 152 2980 942 3058; baseline -0.004 -17"><span class='ocrx_word' id='word_1_189' title='bbox 152 2982 376 3055; x_wconf 86' lang='lat' dir='ltr'><strong>distinctionem,</strong></span> <span class='ocrx_word' id='word_1_190' title='bbox 391 2981 505 3054; x_wconf 80' lang='lat' dir='ltr'><strong>Litora,</strong></span> <span class='ocrx_word' id='word_1_191' title='bbox 519 2981 648 3058; x_wconf 87' lang='lat' dir='ltr'><strong>protinus</strong></span> <span class='ocrx_word' id='word_1_192' title='bbox 662 2981 749 3038; x_wconf 85' lang='lat' dir='ltr'><strong>altero</strong></span> <span class='ocrx_word' id='word_1_193' title='bbox 763 2980 880 3056; x_wconf 86' lang='lat' dir='ltr'><strong>spiritus</strong></span> <span class='ocrx_word' id='word_1_194' title='bbox 893 2981 942 3040; x_wconf 91' lang='lat' dir='ltr'><strong>ini·</strong></span> 
     </span>
    </p>
   </div>
   <div class='ocr_carea' id='block_1_5' title="bbox 0 0 996 3342">
    <p class='ocr_par' dir='ltr' id='par_1_5' title="bbox 0 0 996 3342">
     <span class='ocr_line' id='line_1_28' title="bbox 0 0 996 3342; baseline 0 0"><span class='ocrx_word' id='word_1_195' title='bbox 0 0 996 3342; x_wconf 95' lang='lat' dir='ltr'><strong> </strong></span> 
     </span>
    </p>
   </div>
   <div class='ocr_carea' id='block_1_6' title="bbox 613 3256 622 3284">
    <p class='ocr_par' dir='ltr' id='par_1_6' title="bbox 613 3256 622 3284">
     <span class='ocr_line' id='line_1_29' title="bbox 613 3256 622 3284; baseline 0 0"><span class='ocrx_word' id='word_1_196' title='bbox 613 3256 622 3284; x_wconf 76' lang='grc' dir='ltr'><strong><em>Ι</em></strong></span> 
     </span>
    </p>
   </div>
  </div>
 </body>
</html>
