1984 3342
247 235 330 284 msa.
350 237 490 284 osseos.
512 237 574 286 trs.
597 239 640 286 rr.
658 239 681 285 2
822 231 864 290 tt

62 403 135 457 mus,
150 386 340 462 preterfluat:
361 399 391 447 et
410 389 615 466 exemplorum,
629 390 737 468 legunt,
749 407 865 466 remou-

62 500 169 555 sorum,
209 484 353 542 dictorum
386 485 510 561 denique
548 487 748 562 factorumque
785 487 864 545 reiut

62 579 200 654 quasdam
228 581 335 656 copias,
363 583 467 657 quibus
495 583 650 656 sbundsre,
678 603 805 659 quasque
831 583 863 642 iu

60 687 175 751 promtu
202 695 314 754 semper
338 679 442 737 habere
462 680 549 738 debet
567 691 672 753 orator,
692 681 794 739 eadem
814 681 864 740 ills

62 774 103 830 ris
123 785 315 850 representat.
356 775 461 852 Neque
480 777 625 835 immerito
644 779 793 836 thesaurus
812 778 863 836 hic

61 871 224 947 slopumtioe
251 873 364 931 dicitur.
413 874 441 932 2.
471 874 531 932 Sed
556 893 616 932 nou
643 875 724 934 firme
749 885 861 934 tautum

61 967 220 1041 continere,
234 987 331 1026 verum
347 969 433 1028 etiam
447 970 507 1028 oito
518 972 667 1048 percipere
679 972 770 1030 mults
784 983 862 1030 actu·

60 1085 107 1124 ros
132 1077 265 1142 oportet·
281 1087 336 1126 nec
362 1087 426 1144 qum
459 1070 608 1146 scripseris
640 1072 728 1128 modo
760 1070 861 1131 iterata

59 1162 184 1221 lectione
198 1165 359 1241 complecti,
374 1165 424 1223 sed
439 1165 469 1223 iu
483 1165 618 1243 cogitatis
630 1185 745 1242 quoque
762 1185 860 1226 rerum

60 1277 94 1316 ao
114 1261 266 1318 verborum
288 1271 453 1320 contextum
473 1262 574 1337 sequi:
602 1273 641 1335 et,
662 1281 725 1338 qum
745 1263 803 1320 sint
823 1265 860 1322 ab

59 1355 177 1414 adversa
195 1368 276 1432 parte
296 1358 382 1431 dicta,
404 1358 585 1417 meminisse:
611 1377 668 1416 nec
688 1359 788 1434 utique
813 1377 858 1433 es,

58 1471 117 1528 quo
142 1453 221 1514 dicta
247 1465 313 1513 sunt
333 1456 442 1527 ordine,
464 1455 598 1528 refirtare,
619 1456 670 1514 sed
690 1457 859 1533 opportunis

56 1549 131 1608 locis
144 1569 259 1627 ponere.
301 1553 328 1610 8.
349 1552 452 1614 Quid?
472 1553 673 1630 extemporalis
691 1553 784 1612 oratio
803 1573 859 1612 neo

57 1647 115 1705 alio
136 1647 207 1706 mihi
227 1649 338 1707 videtur
358 1651 462 1707 mentis
481 1650 581 1728 vigore
601 1650 740 1710 constare.
781 1649 860 1709 Nam

56 1745 125 1802 dum
154 1747 209 1806 alia
229 1746 361 1820 dicimus,
383 1767 446 1822 quae
467 1748 572 1806 dicturi
592 1767 701 1822 sumus,
722 1748 861 1807 intuenda

55 1853 139 1901 sunt:
169 1845 208 1902 ita
235 1863 300 1902 oum
328 1863 438 1920 semper
466 1846 604 1923 cogitatio
626 1847 702 1904 ultra
721 1846 761 1914 id,
782 1847 860 1922 quod

55 1952 109 2011 est,
123 1943 240 2020 longius
254 1945 363 2020 quaerit,
378 1945 516 2020 quidquid
531 1945 646 2003 interim
660 1945 775 2021 reperit,
790 1964 859 2021 quo·

55 2041 210 2098 dnmmodo
238 2043 314 2117 apud
340 2041 508 2099 memoriam
530 2041 665 2117 deponit:
700 2042 778 2117 quod
798 2042 857 2116 illa,

54 2138 137 2212 quasi
152 2137 247 2195 media
261 2138 391 2214 quedam
406 2157 516 2209 manus,
532 2146 682 2212 acceptum
704 2137 741 2194 ab
760 2137 858 2196 inven-

53 2235 134 2293 tione
161 2235 247 2292 trsdit
273 2235 439 2292 elocutioni.
480 2235 508 2292 4.
530 2233 598 2292 Non
620 2233 740 2290 arbitror
761 2242 856 2292 autem

53 2332 125 2389 mihi
139 2333 170 2389 in
186 2332 241 2388 hoc
256 2332 474 2402 immorandum,
490 2331 558 2406 quid
573 2331 619 2402 sit,
634 2330 710 2405 quod
724 2331 857 2390 memori·

54 2447 98 2486 am
122 2429 226 2487 faciat:
248 2449 412 2504 quanquam
432 2429 561 2504 plerique
580 2428 705 2503 imprimi
725 2428 855 2504 quedam

53 2525 175 2602 vestigia
193 2526 309 2611 ¹animo,
330 2526 408 2583 velut
435 2525 464 2582 in
485 2525 561 2604 ceris
581 2524 752 2582 annulorum
772 2526 857 2603 signs

52 2633 211 2694 serventur,
226 2624 396 2682 existimant.
438 2622 542 2697 Neque
562 2641 613 2680 ero
632 2633 691 2679 tam
711 2624 854 2695 credulus,

52 2731 83 2778 ut
112 2723 194 2796 quasi
222 2721 321 2777 habitu
343 2720 496 2777 tardiorem
518 2719 730 2795 firmioremque
749 2739 856 2778 memo-

51 2817 123 2875 riam
146 2816 208 2874 fieri
227 2827 334 2892 putem.
376 2819 403 2874 5.
425 2815 497 2891 Ejus
519 2825 622 2886 autern,
644 2816 720 2890 quod
741 2816 776 2872 ad
798 2817 857 2872 ani·

50 2915 292 2990 mumpertinet,
321 2914 413 2990 magis
441 2913 563 2969 admirer
588 2921 728 2978 naturam,
762 2910 857 2966 subito

50 3029 97 3070 res
110 3019 249 3081 vetustas,
265 3018 346 3068 tanto
360 3025 395 3065 ex
409 3005 558 3064 intervallo
577 3003 722 3078 repetitas,
736 3001 858 3059 reddero
