1984 3342
154 247 195 308 ω
388 253 424 300 tt.
443 251 513 300 m.
531 251 737 309 nummum

155 403 351 463 contrahenda
368 403 469 477 oratio,
483 419 522 462 ne
537 401 626 480 judex
644 421 709 461 eum
726 401 772 460 vel
793 400 955 482 intelligere

156 501 200 558 vel
215 519 317 577 capere
330 519 388 558 non
401 500 500 577 possit.

195 597 242 656 46.
271 597 400 674 Tempus
413 617 526 674 quoque
540 617 575 656 uo
594 597 675 655 iocus
694 607 781 674 egent
799 597 953 656 observeti-

157 713 213 752 oue
237 695 360 770 proprie.
401 693 477 752 Nam
505 705 535 753 et
560 705 673 770 tempus
697 704 759 750 tum
778 693 870 766 triste,
891 703 952 752 tum

155 791 263 862 letum,
277 801 338 848 tuni
351 791 482 864 liberum,
496 801 558 848 tum
572 800 723 867 angustum
743 800 796 861 est,
811 800 898 866 utque
918 791 952 848 ed

157 887 220 944 hec
246 887 344 944 omnia
370 888 585 963 componendus
610 898 724 944 orutor:
758 887 805 944 47.
830 896 861 944 et
888 887 952 945 loco

156 984 282 1060 publico,
293 984 449 1060 privatone,
459 984 577 1055 celebri,
592 1003 627 1041 en
642 994 762 1050 secreto,
777 983 873 1041 aliene
885 984 952 1042 civi·

155 1090 223 1154 tete,
246 1099 280 1140 en
307 1091 365 1153 tua,
387 1081 538 1139 incastris
563 1081 696 1156 denique,
717 1097 754 1137 en
779 1080 843 1138 foro
861 1081 949 1152 dicae,

157 1177 275 1236 interest
293 1178 456 1255 plurimum,
472 1197 507 1235 uc
525 1195 607 1235 suam
626 1176 752 1251 quidque
771 1176 904 1250 formum,
923 1187 950 1236 et

156 1277 302 1352 proprium
329 1275 469 1349 quendem
496 1273 611 1331 modum
637 1273 807 1348 eloquentie
841 1274 948 1349 poscit:

157 1389 224 1430 cum
250 1373 335 1431 etiem
357 1372 386 1430 in
407 1368 511 1429 ceteris
531 1369 641 1427 actibus
660 1369 725 1427 vitae
744 1387 804 1428 non
824 1368 903 1428 idem
922 1369 949 1427 in

158 1468 229 1540 foro,
244 1469 333 1539 curia,
354 1485 465 1544 campo,
487 1467 606 1537 theatro,
627 1466 714 1533 domi,
735 1466 831 1523 secere
851 1485 948 1524 conve

157 1564 218 1620 niet
226 1583 233 1633 ;
255 1573 284 1620 et
296 1564 439 1639 pleraque,
455 1583 518 1637 quie
531 1572 633 1620 nature
644 1581 702 1619 non
716 1573 782 1619 eunt
801 1564 948 1638 reprehen·
980 1632 981 1647 χ

159 1657 261 1729 dende,
277 1669 360 1732 etque
374 1658 485 1716 interim
507 1669 573 1717 sunt
592 1658 762 1729 necessarie,
777 1658 848 1717 dibi
867 1677 948 1734 quem
980 1658 981 1665 ’

159 1769 220 1808 moe
233 1751 402 1826 permiserit,
417 1752 512 1828 turpia
525 1753 689 1810 habeantur.
730 1752 777 1810 48.
798 1751 876 1810 Illud
894 1754 948 1829 jun
979 1754 980 1795 ἲ

159 1846 292 1919 diximus,
306 1857 413 1924 quanto
425 1848 490 1924 plus
502 1848 604 1905 nitoris
616 1858 646 1906 et
665 1848 759 1906 cuitus
778 1848 949 1906 demonstr*
978 1848 979 1923 i

158 1943 223 2000 tivae
250 1943 383 2015 materie,
411 1953 442 2001 ut
470 1943 505 2001 ad
530 1944 747 2002 delectationem
775 1944 948 2002 audientium
977 1988 978 2051 1

159 2041 333 2118 composite,
347 2059 442 2117 quem,
457 2059 520 2116 que
540 2052 606 2098 sunt
626 2041 656 2098 in
677 2051 743 2098 ectu
763 2050 792 2098 et
812 2039 950 2099 contenti-

158 2156 223 2209 one,
238 2137 371 2196 eunsoriae
383 2137 589 2214 iudicialesque
602 2138 774 2213 permittent
976 2118 977 2181 i

199 2234 266 2292 Hoc
293 2233 386 2290 adhuc
413 2233 613 2309 adjiciendum,
635 2232 744 2308 aliquas
766 2232 868 2306 etiam,
888 2251 948 2309 que
974 2206 977 2310 i

158 2342 224 2388 suut
237 2329 359 2406 egregie
373 2329 486 2387 dicendi
501 2331 627 2401 virtutes,
642 2347 700 2403 quo
712 2330 807 2387 minus
819 2331 947 2400 deceant,

158 2426 233 2484 effici
260 2425 424 2483 conditione
450 2445 608 2485 causarum.
654 2426 702 2483 te.
724 2427 773 2482 An
800 2427 947 2501 quiequam

158 2520 254 2578 tulerit
274 2538 353 2578 reum
368 2521 397 2579 in
417 2522 583 2580 discrimine
604 2507 715 2598 capitii,
737 2522 882 2598 precipue
900 2539 947 2595 qui

160 2618 233 2693 apud
259 2618 394 2677 uictorem
421 2629 450 2677 et
475 2618 633 2695 principem
658 2637 711 2695 pro
730 2637 761 2676 ee
782 2618 842 2694 ipse
861 2619 945 2687 dicct,

159 2713 298 2787 frequenti
324 2715 516 2786 translatione,
537 2715 611 2771 fictis
637 2725 685 2772 eut
704 2713 832 2791 repetitis
851 2733 886 2772 ex
904 2731 947 2769 ve·

158 2819 262 2866 tustete
288 2811 390 2880 verbis,
411 2810 627 2884 compositione,
649 2829 712 2885 que
732 2811 771 2866 sit
790 2810 911 2868 maxime
929 2827 947 2864 a

158 2904 267 2982 vulgari
280 2923 334 2964 usu
353 2915 472 2978 remote,
487 2904 704 2964 decurrentibus
716 2905 852 2981 periodis,
864 2922 947 2981 quem
