1984 3342
250 215 333 268 uts'r.
353 215 492 268 onnon
511 215 666 266 unm
820 203 862 273 Β

58 377 110 440 tes,
131 367 278 428 silentium
304 368 409 442 noctis,
431 377 459 428 et
481 369 613 428 clausum
632 366 811 439 cubiculum,
831 376 861 428 ot

58 465 154 524 lumen
166 483 256 524 unum
268 466 448 525 reluttectos
455 466 581 524 maxime
590 473 696 524 tenent
729 465 777 524 26.
799 463 860 524 set

59 583 123 622 oum
138 565 168 622 in
183 565 262 622 omni
276 566 436 624 studiorum
450 583 566 642 genere.
577 577 639 622 tum
651 564 681 622 in
693 565 748 622 boc
761 562 861 640 prseci·

58 677 113 736 pue
127 661 204 718 bona
216 661 360 733 valetudo,
375 679 496 737 qusque
510 679 575 719 enm
590 663 713 720 maxime
732 671 859 738 praestnt,

59 757 217 835 frugalitas,
238 759 400 816 necessario
420 769 481 816 est:
504 777 571 815 oum
591 768 722 836 temporo
741 759 778 816 sb
798 758 860 834 ipss

58 871 153 912 rerum
180 867 282 914 natura
310 856 344 913 sd
366 856 492 930 quietem
512 855 756 931 refectionemque
775 856 859 914 nobis

58 951 132 1020 dats,
156 950 186 1008 in
209 953 380 1010 acerrimum
401 952 536 1009 'laborem
557 953 759 1010 convertimus.
800 953 858 1010 Cui

56 1057 152 1106 tamen
167 1067 225 1106 non
239 1049 303 1124 plus
313 1049 499 1125 irrogandum
507 1061 560 1120 est,
570 1068 655 1124 quum
666 1050 744 1124 quod
757 1067 859 1107 somno

57 1145 206 1221 supererit,
221 1143 297 1202 hand
311 1145 410 1203 deerit.
452 1145 500 1202 27.
522 1144 627 1202 Obstat
641 1145 718 1202 enirn
739 1145 860 1222 diiigen-

57 1240 103 1298 tiae
117 1241 263 1299 scribendi
277 1241 364 1298 ctiam
379 1241 530 1318 fatigatio:
550 1252 580 1298 et
594 1242 717 1307 abunde,
730 1241 754 1298 si
765 1251 858 1313 vocet,

57 1337 131 1396 lucis
164 1338 255 1414 spatia
288 1338 453 1396 sufficiunt:
488 1347 646 1412 occupatos
679 1337 708 1394 in
741 1346 857 1394 noctem

56 1435 212 1492 necessitas
227 1435 293 1512 agit.
336 1435 388 1492 Est
401 1446 498 1492 tamen
511 1433 683 1505 lucubratio,
695 1433 808 1509 quoties
822 1433 858 1490 sd

56 1549 119 1590 eam
134 1531 237 1610 integri
260 1551 295 1590 ac
315 1532 416 1591 refecti
436 1532 577 1604 venimus,
591 1531 733 1607 optimum
753 1531 858 1589 secreti

56 1647 155 1706 genus.

92 1726 142 1784 28.
171 1725 229 1784 Sed
244 1725 389 1784 silentium
403 1737 432 1785 et
445 1745 586 1800 secessus,
601 1736 631 1785 et
644 1725 772 1802 undique
785 1725 858 1784 liber

56 1822 178 1895 unimus,
194 1833 225 1880 ut
238 1833 304 1881 sunt
318 1824 443 1882 maxime
456 1824 591 1900 optando,
606 1824 646 1882 ito
665 1842 724 1881 non
745 1841 857 1900 semper

54 1929 175 1996 possunt
189 1920 375 1998 contingere:
398 1920 521 1995 ideoque
541 1939 600 1977 non
620 1921 727 1992 statim,
741 1921 767 1978 si
787 1918 857 1995 quid

55 2015 210 2093 obstrepet,
220 2016 373 2093 abjiciendi
384 2017 503 2074 codices
516 2026 612 2088 erunt,
622 2026 652 2074 et
665 2016 857 2092 deplorandus

54 2111 135 2172 dies:
163 2131 263 2172 verum
289 2113 480 2172 incommodis
507 2112 736 2190 repugnandum,
758 2122 788 2170 et
807 2111 857 2169 bic

55 2209 205 2268 faciendus
225 2229 303 2283 usus,
318 2221 350 2268 ut
370 2211 477 2283 omnis,
493 2229 557 2284 quse
577 2208 744 2285 impedient,
757 2207 857 2266 rincst

54 2306 195 2366 intentio:
230 2325 316 2383 quem
345 2307 369 2365 si
396 2317 457 2365 tots
483 2317 580 2364 mente
607 2305 637 2362 in
664 2323 736 2381 opus
762 2304 856 2380 ipsum

53 2403 202 2476 direxeris,
223 2404 295 2462 nihii
322 2421 432 2477 eorum,
453 2422 517 2480 quse
545 2403 638 2460 oculis
664 2402 709 2462 vel
738 2402 855 2461 turibus

54 2501 212 2575 incursent,
235 2503 270 2560 od
298 2503 423 2560 animum
451 2501 606 2578 perveniet.
646 2502 695 2561 29.
718 2502 767 2560 An
787 2519 855 2560 vero

53 2598 217 2676 frequenter
244 2599 331 2658 etism
352 2600 468 2658 fortuito
488 2599 545 2658 boo
565 2599 703 2676 cogitatio
728 2609 853 2677 prestet,

52 2705 84 2753 ut
109 2697 211 2756 obvios
239 2715 297 2755 non
317 2695 475 2769 videamus,
496 2705 527 2754 et
546 2696 649 2755 itincre
669 2697 853 2756 deerremus:

53 2809 109 2851 non
124 2811 334 2868 consequemur
354 2794 441 2866 idern,
455 2794 480 2851 si
494 2803 524 2851 et
543 2793 740 2852 voluerimus?
782 2791 853 2850 Non

53 2899 94 2948 est
121 2889 331 2968 indulgendum
358 2891 454 2949 causis
480 2890 608 2949 desidie.
649 2889 728 2948 Nom
748 2889 772 2945 si
793 2903 852 2944 non

53 2984 108 3048 nist
134 2987 247 3064 resecti,
268 3005 327 3050 uon
347 2987 541 3062 nisihilrres,
560 3005 620 3048 non
639 2985 696 3046 nisi
715 2979 851 3043 omnibus

287 3083 337 3146 5·
