1984 3342
246 245 484 294 rosconmon.
504 249 565 296 aaa
584 249 627 296 xr.
649 249 669 297 1.
815 243 855 302 ta

18 423 27 468 p
59 392 214 453 violentum
231 395 367 472 jucundis
378 397 586 458 adhibeamus?
605 410 637 458 ut
649 399 812 471 monilibus,
825 411 855 458 et

60 491 228 569 margaritis,
250 511 285 552 ao
305 505 382 552 veste
402 494 498 572 longa,
519 514 582 571 quie
602 506 669 554 sunt
687 507 854 554 muameuta

58 587 238 660 feminarum,
252 589 446 648 deformentur
459 591 529 662 viri;
549 611 605 650 nec
625 593 738 651 babitus
755 593 854 650 trium·

57 684 158 759 phalis,
173 703 231 760 quo
244 686 314 744 nihil
327 687 483 764 excogitari
498 699 591 763 potest
604 690 760 766 augustius,
774 689 853 747 femi·

57 799 109 838 uas
134 781 243 840 doceat.
283 783 311 841 4.
333 782 421 841 Hunc
441 783 537 841 locum
557 784 662 842 Cicero
681 785 803 843 breviter
822 785 852 843 in

58 876 142 934 tertio
156 877 192 936 de
204 877 327 936 Oratore
346 879 419 938 libro
439 880 620 958 perstringit:
641 899 735 956 neque
754 891 851 940 temen

58 972 147 1032 rideri
154 983 248 1048 potest
260 974 415 1051 quidquam
423 975 563 1046 omisisse,
572 976 704 1047 diceudo,
713 995 767 1034 noa
777 978 852 1034 enei

58 1089 160 1141 casce,
174 1089 260 1147 neque
273 1071 410 1143 auditori,
425 1091 512 1148 neque
526 1091 765 1148 personamque
784 1081 850 1131 tem·

58 1167 126 1242 pori
139 1185 291 1242 congruere
303 1168 441 1225 orationis
462 1187 547 1224 unum
563 1187 662 1243 genus.
703 1167 770 1225 Nec
789 1168 849 1226 sera

57 1261 187 1338 pluribus
200 1262 229 1319 iu
240 1261 366 1320 Oratore
376 1263 484 1321 eadem.
527 1263 585 1320 Sed
599 1263 659 1321 iilic
672 1263 705 1320 L.
717 1263 848 1336 Crassus,

59 1379 124 1418 cum
146 1360 221 1436 apud
240 1379 366 1419 summos
392 1371 530 1434 oratores,
551 1361 737 1436 hominesque
756 1361 850 1419 erudi·

58 1456 182 1516 tisaimos
209 1457 295 1530 dicat,
319 1458 388 1516 ratis
414 1457 509 1529 habet,
536 1468 644 1533 partam
670 1457 746 1516 hauc
771 1457 848 1516 velut

58 1565 155 1612 notare
169 1554 242 1613 inter
257 1565 452 1632 agnoscentes.
492 1555 521 1611 5.
543 1553 581 1612 Et
595 1555 643 1612 hic
657 1554 762 1612 Cicero
782 1554 849 1612 alio·

57 1671 147 1727 quens
162 1651 282 1709 Brutum
296 1661 414 1708 testatur
427 1669 490 1708 esse
504 1650 566 1708 haec
579 1650 607 1710 ei
621 1662 703 1722 nota;
726 1651 847 1726 ideoque

58 1748 171 1807 brevius
185 1767 202 1806 a
214 1767 245 1806 se
259 1748 327 1819 dici,
342 1766 505 1824 quanquam
517 1747 555 1806 sit
574 1750 653 1805 tusus
671 1749 762 1820 locus,
776 1759 849 1806 trao-

56 1855 188 1920 teturque
202 1844 407 1921 aphilosopbis
421 1844 513 1902 iatius.
555 1844 619 1902 Nos
638 1845 844 1903 institutionem

56 1941 186 2018 professi,
210 1960 269 1998 non
296 1941 388 2000 solum
415 1941 572 1999 scientibus
598 1940 661 2012 iata,
685 1941 735 1998 sed
761 1941 847 1998 etiam

56 2038 233 2096 discentibus
259 2038 413 2096 tradimus:
447 2038 568 2112 ideoque
600 2037 686 2112 paulo
718 2037 847 2112 pluribus

56 2136 148 2194 verbis
162 2135 248 2192 debet
261 2134 360 2192 baberi
373 2134 464 2192 venia.

91 2234 120 2291 6.
148 2232 251 2294 Quare
265 2242 364 2289 notum
385 2231 422 2288 sit
442 2239 508 2288 ante
527 2228 633 2297 omnia,
648 2228 715 2302 quid
736 2227 847 2284 coneili-

55 2329 138 2397 undo,
160 2327 291 2399 docendo,
311 2327 440 2385 mouendo
464 2325 557 2402 judici
583 2324 750 2381 conveniat:
778 2323 845 2398 quid

55 2445 167 2502 quaque
193 2436 272 2500 parte
292 2424 429 2481 orationis
448 2432 585 2498 petamus.
626 2420 671 2478 Ita
690 2439 783 2496 neque
802 2439 847 2479 ve·

55 2535 123 2594 tera,
140 2535 188 2580 eut
208 2521 353 2586 translata,
370 2530 417 2576 aut
437 2520 506 2576 ficta
524 2518 608 2575 verba
629 2516 658 2573 in
678 2517 845 2592 incipiendo,

53 2617 209 2689 camundo,
231 2615 453 2692 argumentando
472 2614 667 2683 tractabimus,
687 2632 781 2688 neque
800 2614 847 2671 de·

56 2726 202 2773 currentes
216 2724 350 2772 contexto
364 2712 456 2770 nitore
470 2711 618 2780 circuitus,
633 2710 681 2765 ubi
695 2709 848 2767 dividenda

54 2813 106 2870 erit
127 2831 225 2882 causa,
246 2821 275 2868 et
302 2811 331 2868 iu
355 2819 451 2885 partes
478 2826 544 2865 suas
570 2806 734 2884 digerenda,
755 2823 847 2880 neque

55 2907 161 2967 humide
193 2918 277 2983 atque
304 2905 500 2982 quotidianum
528 2902 666 2960 sermonis
691 2919 791 2976 genus,
818 2909 847 2955 et

55 3005 261 3083 compositione
288 3003 348 3080 ipsa
368 3000 546 3068 dissolutum,
566 2995 686 3072 epilogis
705 2993 845 3062 dabimus,
