1984 3342
232 177 315 226 mss.
334 177 472 226 omnen
487 177 549 226 ms.
565 179 596 225 x.
615 180 635 227 1.
792 169 830 233 31

40 327 92 386 lere
103 326 182 386 solus
191 327 249 405 legi
259 327 371 406 dignus.
407 327 485 386 Nem
496 338 526 386 et
536 328 658 408 insurgit
669 328 832 405 aliquando,

39 435 63 484 et
87 425 190 502 plenus
216 435 259 483 est
289 425 477 503 jucunditatis
500 437 530 484 et
555 428 664 504 gretie,
692 438 722 486 et
745 428 833 486 variis

38 523 132 600 figuris
146 532 175 581 et
195 524 288 582 verbis
308 523 473 581 felicissime
494 524 594 582 audax.
637 525 669 582 Si
689 526 834 601 quendam

38 621 158 696 adjicere
171 621 250 692 velis,
267 620 290 678 is
304 620 358 678 erit
374 620 482 680 Cresius
496 621 622 693 Bassus,
636 640 721 698 quem
742 640 833 699 nuper

36 717 175 775 vidimus:
204 717 254 774 sed
275 736 342 774 eum
362 717 449 794 longe
469 719 637 794 praecedunt
658 719 776 796 ingenie
794 719 835 776 vi·

36 815 167 871 rentium.
208 815 255 872 97.
277 813 441 890 Tragoediae
462 815 615 892 scriptores
636 826 763 874 veterum
776 816 835 874 Ac·

35 913 90 970 eius
107 921 191 986 atque
204 911 354 968 Pacuvius
370 911 520 970 clarissimi
534 913 672 989 gravitate
683 913 835 972 sententia·

19 1027 105 1092 ¹rum,
120 1009 272 1067 verborum
293 1009 430 1084 pondere,
446 1011 617 1068 auctoritate
636 1029 832 1087 personarum.

35 1105 171 1162 Ceterum
191 1106 277 1178 nitor,
292 1116 321 1163 et
335 1124 446 1162 summa
461 1105 491 1163 in
512 1107 678 1162 excolendis
698 1107 834 1183 operibus

34 1221 145 1272 manus,
173 1202 264 1279 magis
291 1202 381 1260 videri
413 1213 508 1278 potest
534 1203 720 1278 temporibus,
748 1223 834 1278 quam

34 1298 100 1374 ipsis
115 1299 249 1356 defuisse.
291 1300 404 1357 Vitium
419 1311 516 1356 temen
536 1299 632 1356 Accio
651 1299 715 1377 plus
736 1299 836 1356 tribui·

33 1404 94 1452 tur:
120 1395 279 1452 Pacuvium
300 1395 390 1453 videri
412 1395 652 1471 doctiorem‚.qui
673 1415 735 1453 esse
756 1396 834 1454 docti

34 1493 292 1562 effectantvolunt.
334 1493 382 1550 98.
405 1493 470 1550 Jam
490 1493 576 1550 'Varie'
595 1492 731 1569 Thyestes
753 1493 835 1552 cuili-

34 1589 79 1646 bet
99 1589 267 1648 Graecarum
289 1590 449 1666 comparari
469 1600 570 1666 potest.
617 1591 719 1648 Ouidii
733 1591 836 1650 Medea

32 1687 144 1744 videtur
159 1686 229 1744 mihi
244 1687 403 1758 ostendere,
417 1698 555 1762 quantum
570 1689 619 1745 ille
638 1688 680 1746 vir
701 1700 835 1765 prestare

30 1784 167 1858 potuerit,
179 1782 203 1840 si
218 1783 335 1861 ingenio
346 1802 399 1840 suo
412 1793 572 1859 temperare
585 1805 671 1860 quem
686 1769 836 1863 indulgere

31 1883 188 1940 maluisset.
230 1881 339 1940 Eorum
360 1900 431 1958 quos
452 1882 581 1955 viderim,
596 1884 682 1960 longe
701 1885 836 1961 princeps

28 1977 209 2056 Pomponius
221 1978 377 2050 Secundus,
389 1997 473 2055 quem
485 1998 568 2037 senes
578 1999 679 2055 parum
692 1982 836 2058 tragicum

28 2077 180 2150 putabant,
202 2075 363 2134 eruditione
391 2095 425 2134 uc
452 2076 546 2134 nitore
565 2087 700 2152 praestare
720 2078 837 2136 coufite-

29 2173 145 2232 bantur.
187 2173 235 2230 99.
257 2171 291 2230 lu
312 2171 455 2230 comoedia
475 2173 599 2230 maxime
620 2172 835 2245 claudicemus;

26 2270 98 2330 licet
114 2270 209 2329 Varro
223 2270 335 2342 Musas,
351 2269 422 2328 AElii
437 2269 559 2327 Stilonis
573 2270 725 2341 sententia,
741 2270 837 2328 Pleu·

25 2369 88 2426 tine
105 2368 186 2425 dicat
199 2386 320 2426 sermone
335 2367 479 2426 locuturus
485 2365 593 2442 fuisse,
603 2369 630 2424 si
639 2368 748 2428 Latine
759 2369 838 2446 loqui

25 2469 157 2532 uellents
185 2466 254 2524 licet
276 2466 422 2525 Coeeile'um
437 2476 552 2524 ueteres
572 2466 706 2526 laudibus
726 2468 836 2540 feruut3

23 2565 98 2624 licet
129 2563 257 2622 Terentii
283 2565 393 2640 scripta
421 2561 455 2620 ud
476 2563 645 2639 Scipionem
665 2565 837 2624 Africanum

23 2664 213 2722 referantur:
241 2678 304 2736 qum
325 2670 421 2718 temen
442 2661 559 2720 suntin
580 2660 636 2719 hoc
655 2680 761 2739 genere
781 2662 838 2720 ele·

22 2758 213 2839 gantissitnu,
228 2765 257 2816 et
269 2758 333 2834 plus
349 2757 443 2816 adhue
456 2757 590 2816 habitura
602 2758 712 2836 gretie,
723 2759 747 2816 si
762 2759 837 2818 intre

22 2874 134 2916 versus
148 2853 291 2912 trimetros
305 2855 456 2914 stetissent.
500 2853 565 2913 100.
587 2855 645 2912 Vix
658 2855 749 2912 levem
769 2871 837 2909 con·

20 2954 183 3040 sequimur
216 2951 358 3032 umbram,
385 2951 459 3020 adeo
491 2961 525 3014 ut
549 2951 622 3023 inihi
654 2966 751 3020 erno
770 2947 837 3024 <ines
