1984 3342
244 265 326 314 nter.
346 263 483 316 ortuum
503 264 564 314 ne
583 263 630 313 xt‘
650 266 670 312 1.
817 253 859 314 ω

60 413 202 492 diaplicet,
217 415 275 475 De·
289 417 362 490 beni,
376 417 457 476 otoo:
477 425 515 490 et,
530 435 584 494 quo
596 434 637 475 ere
655 414 750 474 otone
759 410 857 490 juvet.

60 511 246 589 Asprenatem
272 533 348 572 reum
375 514 461 572 video.
516 514 586 572 Non
612 513 692 573 euim
721 512 798 588 jusu
822 527 859 570 ex

60 627 150 668 cenea
163 610 207 668 rel
225 611 388 669 necessaria
401 611 491 670 videri
504 621 598 687 potest
609 609 768 687 postulasse
780 625 858 680 eum,

60 706 111 763 sed
138 706 259 782 quadam
287 707 441 765 accusandi
467 707 619 783 voluptate.
672 705 721 763 58.
750 704 858 762 Praeter

60 800 117 858 boc
131 811 236 875 temen,
251 804 328 878 quod
342 813 385 860 eat
399 821 561 871 commune,
575 801 718 879 proprium
732 800 860 859 modera·

57 896 168 955 tionem
195 900 324 974 quedam
352 917 444 958 canem
465 899 635 958 deriderent.
675 897 859 973 Quapropter

59 1002 90 1051 et
117 994 167 1070 qui
194 995 370 1053 curationem
404 997 545 1054 bonorum
577 995 666 1071 patrie
691 993 858 1071 poatutrbit,

58 1091 156 1148 doleat
175 1092 236 1168 ejus
257 1094 436 1151 valetudine:
457 1104 486 1151 et
506 1092 663 1169 quamlibet
682 1090 780 1168 gravia
798 1090 860 1148 sitio

57 1198 141 1263 pater
161 1187 335 1265 objecturus,
357 1191 547 1248 miserrimam
567 1189 623 1246 eibi
643 1189 776 1247 oatendrt
795 1205 859 1245 erae

58 1284 136 1342 hanc
151 1285 242 1361 ipsum
256 1288 476 1345 necessitatem:
498 1305 555 1343 nec
575 1285 631 1342 boc
649 1284 751 1360 paucis
770 1283 858 1340 modo

58 1383 164 1456 verbis,
186 1385 235 1442 sed
255 1395 317 1442 toto
339 1387 436 1443 colore
457 1384 589 1456 actionis,
610 1393 642 1440 ut
661 1382 691 1440 id
711 1401 778 1440 enm
797 1399 858 1440 non

59 1483 158 1540 dicere
185 1483 279 1556 modo,
307 1485 357 1542 aed
384 1485 471 1543 etiam
499 1501 565 1541 vere
590 1483 688 1540 dicere
716 1489 856 1558 apparent

58 1579 108 1637 59.
129 1579 195 1637 Nec
210 1581 339 1638 causanti
358 1581 467 1658 pupillo
488 1581 531 1638 sic
551 1591 627 1638 tutor
648 1579 787 1637 irascatur
806 1595 858 1635 un-

59 1695 157 1751 quam,
171 1688 203 1734 ut
216 1695 274 1734 non
287 1669 453 1736 remaneant
467 1677 571 1736 amoris
585 1677 714 1755 vestigia,
728 1685 757 1734 et
776 1693 858 1734 encra

59 1773 193 1849 quaedam
218 1774 307 1850 patrie
334 1773 395 1857 ejus
423 1774 568 1832 memoria.
622 1773 688 1834 Jam
715 1772 859 1849 quomodo

60 1881 164 1928 contra
191 1869 371 1928 abdicantem
396 1881 516 1946 petrem,
537 1879 703 1947 querentem
730 1887 858 1941 uxorem,

62 1967 108 2043 agi
123 1985 240 2024 caueam
260 1975 412 2042 oporteret,
428 1967 458 2025 in
478 1968 561 2040 libro,
577 1978 609 2025 ut
630 1967 760 2038 arbitror,
775 1966 860 2042 septi-

59 2083 110 2122 mo
136 2065 205 2123 dixi.
258 2065 387 2126 Quando
413 2065 500 2124 ctiam
527 2065 604 2141 ipsos
629 2063 717 2138 loqui,
744 2062 859 2138 qnando

62 2159 193 2218 advocati
214 2162 345 2218 nocenti
372 2161 483 2234 deceat,
505 2170 623 2236 quanm
649 2159 731 2236 liber,
751 2158 860 2233 inquo

59 2256 194 2333 prooemii
220 2267 363 2333 precepta
388 2267 464 2330 eunt,
486 2257 622 2314 continet.
663 2255 709 2312 60.
731 2254 804 2312 Eeec
828 2253 860 2311 in

61 2353 157 2410 verbis
171 2352 248 2428 quod
261 2353 371 2426 deceat,
387 2363 435 2411 eut
448 2353 597 2428 turpeeit,
611 2350 719 2410 nemini
739 2349 860 2408 dubium

61 2460 114 2506 est.
156 2447 252 2507 Unum
269 2448 327 2525 jum
348 2450 434 2527 igitur
455 2450 524 2507 huic
543 2450 618 2520 loco,
632 2447 709 2524 quod
728 2457 772 2506 eet
791 2465 860 2505 eene

60 2563 183 2603 summm
203 2545 387 2618 difficultatis,
409 2545 601 2623 adjiciendum
621 2545 742 2617 videtur,
757 2544 861 2620 quibua

61 2641 158 2699 modis
170 2661 214 2714 ea,
230 2653 373 2718 quaesunt
391 2653 494 2700 natura
512 2662 613 2719 parum
633 2642 772 2718 speciose,
786 2660 861 2717 que·

62 2755 121 2812 que
147 2756 205 2795 non
232 2737 338 2810 dicere,
366 2739 390 2797 ai
423 2741 589 2798 utrumlibet
620 2749 697 2798 estet
727 2738 859 2808 liberum,

62 2833 273 2907 maluissemur,
287 2853 346 2893 non
360 2845 455 2894 temen
469 2837 527 2894 sirit
539 2837 677 2894 indecore
689 2832 859 2890 dicentibus.

60 2930 113 2988 61.
133 2930 216 2991 Quid
238 2931 409 3007 asperiorem
430 2932 535 2990 habere
555 2932 676 2988 frontem
693 2936 796 3004 potest,
811 2932 860 2980 πί

61 3025 136 3103 quid
149 3045 232 3086 auree
251 3027 399 3086 hominum
418 3027 510 3106 megin
527 3034 675 3103 respuunt,
688 3036 773 3099 qum
791 3035 858 3077 ow

303 3121 351 3182 ga
