1984 3342
152 209 193 270 94
375 219 411 268 n.
430 219 499 266 ran
518 219 723 277 cumanum

155 385 190 424 ac
210 368 312 446 religio
339 369 369 426 in
394 369 622 445 pronunciando,
648 378 756 445 quanto
781 367 878 426 minus
902 365 943 424 rd

155 464 270 524 offense
285 464 328 522 rel
350 465 465 523 utilitati
485 484 544 523 suas
564 465 720 523 indulserit
762 465 809 523 76.
831 463 900 521 Hoc
917 472 943 520 et

155 560 230 636 apud
256 579 315 632 eos,
337 581 354 619 a
380 563 483 637 quibus
504 563 673 638 appellatum
693 562 758 632 erit,
772 561 798 618 si
818 561 892 618 forte
911 559 943 616 ad

154 657 268 715 eosdem
283 658 478 716 remittentur:
500 657 660 734 adjicienda
672 657 746 715 ratio
759 657 804 715 vel
823 655 943 714 necessi-

153 753 220 811 tatis
240 753 370 830 alicujus,
385 754 409 810 si
430 754 460 810 id
479 771 574 811 causae
594 753 682 825 cedit,
702 754 746 810 vel
766 753 881 824 erroris,
901 750 941 807 rel

153 851 333 926 suspicionis.
380 851 570 909 Tutissimum
596 871 667 928 ergo
684 851 860 928 paenitentias
878 867 942 907 con·
980 866 982 905 t

154 945 248 1017 lessio,
282 956 310 1006 et
348 947 504 1006 satisfactio
542 948 652 1022 culpa:
691 948 941 1023 perducendusque

153 1043 330 1102 omnimodo
347 1044 434 1121 judex
448 1044 483 1102 ad
504 1044 553 1101 irre
570 1044 717 1120 pudorem.
758 1045 805 1101 77.
827 1043 941 1101 Accidit

152 1137 238 1196 etiarn
253 1159 457 1216 nonnunquam
471 1140 572 1198 eadem
586 1157 682 1212 cansa,
696 1140 733 1198 de
745 1159 803 1214 qua
820 1157 940 1216 pronun·

153 1235 244 1310 clarit,
266 1247 477 1315 cognoscatque
504 1236 623 1294 iterum:
656 1246 717 1293 tum
738 1235 808 1292 illud
829 1236 939 1311 quidem
980 1286 981 1317 ἦ

153 1343 314 1406 commune,
337 1334 410 1411 apud
431 1333 518 1390 alium
538 1351 590 1390 nos
606 1332 732 1410 judicem
752 1332 939 1408 disputaturos
980 1334 981 1389 l

152 1429 188 1488 de
202 1431 278 1488 illius
291 1430 432 1488 sententia
445 1448 503 1487 non
517 1429 620 1486 fuisse:
641 1447 734 1504 neque
753 1428 831 1486 enim
850 1447 940 1486 emen·
980 1477 982 1488 .

152 1525 213 1582 dari
235 1526 270 1583 ab
287 1508 356 1597 alio,
377 1526 561 1602 quam·ipso,
582 1526 624 1583 fas
649 1545 728 1583 esse:
755 1535 883 1582 ceterum
908 1543 939 1582 ex
980 1516 981 1563 l

153 1639 249 1692 causa,
261 1631 292 1677 ut
306 1639 424 1696 queque
437 1623 590 1697 permittet,
600 1633 648 1680 aut
662 1623 791 1699 ignorata
803 1622 938 1697 quedam,

153 1726 201 1773 aut
221 1717 343 1775 defuisse
363 1727 458 1788 testes,
481 1728 530 1774 aut
550 1719 641 1795 (quod
660 1711 849 1790 timidissime,
870 1728 899 1776 et
917 1718 939 1774 si

152 1811 222 1868 nibil
245 1811 321 1868 aliud
340 1813 424 1888 plane
444 1813 538 1886 fucrit,
559 1815 713 1872 dicendum
730 1816 787 1894 est)
808 1823 939 1890 patronos

152 1919 208 1964 non
236 1908 390 1979 suffecisse,
418 1921 574 1967 succurret
622 1912 674 1969 78..
695 1911 790 1968 Etiam
816 1911 842 1968 si
868 1910 940 1986 apud

153 2005 222 2061 alios
233 2005 345 2082 judices
359 2016 466 2082 agetur,
482 2016 512 2062 ut
525 2007 555 2062 in
569 2008 694 2064 secunda
715 2007 880 2078 assertione,
895 2014 939 2063 aut

152 2101 182 2158 in
217 2101 466 2160 centumviralibus
503 2103 621 2178 judiciis
658 2103 831 2179 duplicibus,
863 2112 939 2178 parte

152 2199 236 2271 ricta,
258 2199 406 2256 decentius
432 2199 494 2270 erit,
516 2199 628 2274 quoties
653 2199 807 2276 contigerit
832 2215 939 2256 serame
980 2192 981 2243 ἐ

157 2295 285 2370 judicum
299 2295 436 2370 pudorem
450 2314 456 2352 :
478 2295 514 2352 de
527 2313 584 2370 qua
596 2314 627 2352 re
640 2296 725 2352 latius
742 2296 939 2370 probationum

152 2390 217 2446 loco
230 2391 337 2446 dictum
353 2401 402 2448 est.

191 2485 288 2542 Potest
301 2486 423 2558 evenire,
437 2497 470 2544 ut
490 2487 521 2544 in
541 2486 604 2543 aliis
622 2487 857 2562 reprehendenda
876 2487 937 2556 sint,

154 2599 215 2655 quae
237 2581 290 2656 ipsi
310 2581 479 2640 fecerimus:
507 2592 539 2639 ut
559 2583 658 2658 objicit
677 2583 796 2640 Tubero
816 2582 938 2659 Ligario,

154 2676 228 2754 quod
246 2677 276 2733 r'n
296 2677 405 2753 Africa
416 2678 523 2755 frterit.
565 2680 611 2736 79.
632 2679 671 2736 Et
685 2679 807 2736 ambitus
827 2679 938 2753 quidam

154 2772 288 2842 damnati,
303 2774 504 2849 recuperande
524 2774 670 2849 dignitatis
690 2775 782 2850 gratia
793 2793 860 2832 reos
873 2775 940 2850 ejus·

154 2869 218 2926 dem
233 2869 360 2926 criminis
374 2869 546 2939 detulerunt,
557 2879 589 2925 ut
599 2868 629 2925 in
638 2870 744 2926 scholis
753 2868 939 2927 luxuriantem
980 2876 982 2889 ⁸

153 2976 260 3041 patrem
274 2964 434 3022 luxuriosus
448 2963 508 3039 ipse
524 2964 637 3040 juvenis
657 2974 780 3022 accusat.
821 2964 856 3022 Id
877 2983 941 3041 quo·
980 2959 982 2975 ’
