1984 3342
239 202 652 258 cenomannense
804 202 847 264 ta

53 371 116 410 reru
135 353 234 414 saltem
255 356 301 428 iis,
322 359 426 433 quibus
447 359 482 416 ad
501 359 637 418 evitanda
654 358 723 418 ritis
740 359 845 437 judicii

51 450 117 524 satis
130 451 192 523 brit,
207 453 330 511 sufficiet
351 455 505 532 imaginem
526 457 637 514 virtutis
656 457 801 533 effingere,
816 468 846 516 et

50 547 146 618 solam,
161 559 193 604 ut
206 549 249 606 sic
263 550 392 623 dixerim,
407 563 514 624 cutem,
528 553 573 610 vel
586 553 681 629 potins
695 553 758 610 illas
777 553 846 630 Epi·

50 643 112 700 curi
145 644 259 721 figuras,
287 665 358 722 quas
391 667 408 705 e
435 648 554 706 summis
580 649 748 726 corporibus
773 650 846 710 dicit

50 739 171 798 effluere.
215 743 259 800 16.
280 743 348 801 Hoc
362 754 456 802 antem
471 745 516 802 his
530 746 645 816 accidit,
661 746 709 821 qui
723 766 781 804 non
802 747 845 806 in·

49 837 198 911 trospectis
220 839 334 914 penitus
354 841 514 913 virtutibus,
530 842 565 900 ud
585 843 708 918 primum
722 861 753 900 se
766 844 845 902 velut

49 943 193 1008 aspectum
207 936 343 994 orationis
358 947 505 1012 aptarunt:
526 951 556 996 et
578 957 645 996 cum
666 939 702 996 iis
714 939 845 998 felicissi-

48 1047 92 1086 me
105 1029 191 1086 cessit
204 1030 337 1103 imitatio,
351 1031 445 1090 verbis
460 1044 544 1109 atque
557 1034 685 1092 numeris
700 1045 767 1092 sunt
784 1055 844 1094 non

47 1126 167 1184 multum
194 1127 367 1199 differentes,
387 1129 443 1186 vim
465 1130 580 1187 dicendi
602 1141 686 1206 atque
705 1131 844 1189 inventio·

47 1222 90 1280 nis
104 1241 163 1279 non
184 1235 382 1299 assequuntur,
403 1225 452 1284 sed
473 1227 641 1302 plerumque
654 1226 800 1284 declinant
812 1227 844 1284 in

48 1319 137 1395 pejus,
152 1329 181 1378 et
194 1321 324 1395 proxima
336 1321 488 1378 virtutibus
502 1322 573 1379 vitia
585 1321 843 1396 comprehendunt,

47 1414 172 1490 fiuntque
186 1435 237 1491 pro
249 1417 406 1492 grandibus
425 1417 538 1488 tumidi,
551 1416 657 1492 pressis
676 1416 774 1488 exiles,
789 1417 845 1476 sor·

46 1511 120 1570 tibus
146 1513 300 1584 temerarii,
321 1513 393 1570 letis
422 1512 560 1588 corrupti,
581 1512 748 1589 compositis
766 1513 845 1572 exul·

49 1619 149 1680 rantes,
164 1609 343 1685 simplicibus
357 1610 544 1686 negligentes.
586 1613 631 1669 17.
652 1609 780 1686 Ideoque
793 1609 844 1687 qui

47 1705 160 1762 borride
181 1715 265 1779 stqne
285 1706 476 1780 incomposite
496 1708 653 1782 quamlibet
675 1707 746 1765 illud
767 1707 845 1785 frigi·

47 1801 113 1858 dnm
127 1813 156 1859 et
181 1801 267 1859 inane
289 1803 461 1874 extulerunt,
477 1804 602 1879 antiquis
623 1823 655 1862 se
676 1823 761 1880 peres
784 1823 845 1863 crs-

47 1897 132 1956 dunt:
158 1897 208 1973 qui
229 1913 328 1956 carent
349 1899 428 1956 cultu
451 1908 536 1974 atque
555 1900 715 1971 sententiis,
737 1900 845 1958 Atticis

49 1995 176 2052 scilicet:
210 1996 260 2070 qui
292 1996 421 2071 precisis
454 1996 690 2053 conclusionibus
715 1997 844 2068 obscuri,

48 2093 212 2150 Sallustium
235 2103 319 2166 etque
339 2091 542 2168 Thucydidem
569 2103 722 2166 superant:
749 2093 845 2150 tristes

48 2209 78 2246 ac
95 2189 187 2266 jejuni
201 2189 360 2246 Pollionem
380 2189 567 2246 emulantur:
587 2188 671 2246 otiosi
690 2199 720 2245 et
738 2189 845 2263 supini,

47 2286 69 2343 si
82 2287 152 2362 quid
165 2285 252 2344 modo
272 2285 386 2362 longius
406 2285 670 2355 circumduxerunt,
687 2285 785 2361 jurant
805 2285 846 2343 its

47 2383 217 2441 Ciceronem
229 2383 391 2440 locuturum
402 2382 498 2440 fuisse.
541 2382 586 2439 18.
607 2380 751 2440 Noveram
761 2400 846 2457 quos-

47 2479 120 2550 dam,
134 2480 226 2555 quise
238 2480 358 2555 pulchre
372 2479 543 2554 expressisse
556 2497 648 2556 genus
661 2478 733 2536 illud
745 2479 845 2537 eecles-

47 2573 80 2633 tis
101 2577 189 2653 hujus
211 2576 240 2632 in
268 2575 392 2633 dicendo
418 2575 471 2633 viri
499 2575 555 2634 sibi
575 2575 747 2647 viderentur,
768 2575 845 2634 siin

47 2673 175 2731 clausula
184 2673 355 2747 posuissent,
366 2671 440 2730 Esse
450 2671 591 2730 videmur.
631 2671 710 2749 Ergo
721 2671 844 2747 primum

46 2780 95 2841 est,
112 2779 156 2841 ut,
171 2769 247 2844 quod
261 2769 422 2826 imitaturus
442 2779 485 2826 est
505 2769 635 2844 quisque,
650 2768 801 2844 intelligat,
815 2777 844 2826 et

47 2883 133 2940 quere
162 2867 270 2922 bonum
297 2865 342 2936 sit,
370 2865 451 2922 sciet
491 2863 571 2922 Tum
598 2865 629 2924 in
655 2862 841 2940 suscipiendo

45 2979 134 3024 onere
160 2961 291 3024 considat
311 2980 378 3024 suas
398 2961 478 3022 vires
