<?xml version="1.0" encoding="UTF-8"?>
<!DOCTYPE html PUBLIC "-//W3C//DTD XHTML 1.0 Transitional//EN"
    "http://www.w3.org/TR/xhtml1/DTD/xhtml1-transitional.dtd">
<html xmlns="http://www.w3.org/1999/xhtml" xml:lang="en" lang="en">
 <head>
  <title>
</title>
<meta http-equiv="Content-Type" content="text/html;charset=utf-8" />
  <meta name='ocr-system' content='tesseract 3.04.00' />
  <meta name='ocr-capabilities' content='ocr_page ocr_carea ocr_par ocr_line ocrx_word'/>
</head>
<body>
  <div class='ocr_page' id='page_1' title='image "./mfabiiquintilia01dillgoog_0086.png"; bbox 0 0 1984 3342; ppageno 0'>
   <div class='ocr_carea' id='block_1_1' title="bbox 121 183 689 258">
    <p class='ocr_par' dir='ltr' id='par_1_1' title="bbox 121 183 689 258">
     <span class='ocr_line' id='line_1_1' title="bbox 121 183 689 258; baseline 0 -20"><span class='ocrx_word' id='word_1_1' title='bbox 121 183 162 246; x_wconf 75' lang='lat' dir='ltr'><strong>rs</strong></span> <span class='ocrx_word' id='word_1_2' title='bbox 319 191 378 238; x_wconf 73' lang='lat' dir='ltr'><strong>nr.</strong></span> <span class='ocrx_word' id='word_1_3' title='bbox 397 189 466 238; x_wconf 75' lang='lat' dir='ltr'><strong>sss,</strong></span> <span class='ocrx_word' id='word_1_4' title='bbox 485 191 689 258; x_wconf 74' lang='lat' dir='ltr'><strong>orrmrmnuu</strong></span> 
     </span>
    </p>
   </div>
   <div class='ocr_carea' id='block_1_2' title="bbox 123 339 920 1385">
    <p class='ocr_par' dir='ltr' id='par_1_2' title="bbox 123 339 920 1385">
     <span class='ocr_line' id='line_1_2' title="bbox 123 339 919 419; baseline -0.004 -17"><span class='ocrx_word' id='word_1_5' title='bbox 123 341 255 414; x_wconf 74' lang='lat' dir='ltr'><strong>duriter</strong></span> <span class='ocrx_word' id='word_1_6' title='bbox 280 339 402 402; x_wconf 82' lang='lat' dir='ltr'><strong>decebit</strong></span> <span class='ocrx_word' id='word_1_7' title='bbox 442 341 496 400; x_wconf 88' lang='lat' dir='ltr'><strong>Est</strong></span> <span class='ocrx_word' id='word_1_8' title='bbox 523 352 628 414; x_wconf 82' lang='lat' dir='ltr'><strong>nutem,</strong></span> <span class='ocrx_word' id='word_1_9' title='bbox 656 339 733 419; x_wconf 88' lang='lat' dir='ltr'><strong>qnod</strong></span> <span class='ocrx_word' id='word_1_10' title='bbox 759 355 866 400; x_wconf 83' lang='lat' dir='ltr'><strong>omnes</strong></span> <span class='ocrx_word' id='word_1_11' title='bbox 890 349 919 399; x_wconf 91' lang='lat' dir='ltr'><strong>et</strong></span> 
     </span>
     <span class='ocr_line' id='line_1_3' title="bbox 124 438 920 516; baseline -0.008 -16"><span class='ocrx_word' id='word_1_12' title='bbox 124 457 232 516; x_wconf 83' lang='lat' dir='ltr'><strong>semper</strong></span> <span class='ocrx_word' id='word_1_13' title='bbox 246 448 275 499; x_wconf 91' lang='lat' dir='ltr'><strong>et</strong></span> <span class='ocrx_word' id='word_1_14' title='bbox 289 439 393 515; x_wconf 88' lang='lat' dir='ltr'><strong>ubique</strong></span> <span class='ocrx_word' id='word_1_15' title='bbox 406 438 629 516; x_wconf 64' lang='lat' dir='ltr'><strong>decatessera</strong></span> <span class='ocrx_word' id='word_1_16' title='bbox 642 439 778 498; x_wconf 79' lang='lat' dir='ltr'><strong>aedicere</strong></span> <span class='ocrx_word' id='word_1_17' title='bbox 788 439 920 498; x_wconf 63' lang='lat' dir='ltr'><strong>lomes:</strong></span> 
     </span>
     <span class='ocr_line' id='line_1_4' title="bbox 125 535 918 612; baseline -0.006 -16"><span class='ocrx_word' id='word_1_18' title='bbox 125 545 279 610; x_wconf 72' lang='lat' dir='ltr'><strong>nouusque</strong></span> <span class='ocrx_word' id='word_1_19' title='bbox 292 536 435 594; x_wconf 87' lang='lat' dir='ltr'><strong>nerninem</strong></span> <span class='ocrx_word' id='word_1_20' title='bbox 449 555 575 612; x_wconf 78' lang='lat' dir='ltr'><strong>unquam</strong></span> <span class='ocrx_word' id='word_1_21' title='bbox 588 535 649 595; x_wconf 89' lang='lat' dir='ltr'><strong>ullo</strong></span> <span class='ocrx_word' id='word_1_22' title='bbox 659 535 689 594; x_wconf 87' lang='lat' dir='ltr'><strong>in</strong></span> <span class='ocrx_word' id='word_1_23' title='bbox 698 535 774 606; x_wconf 90' lang='lat' dir='ltr'><strong>loco,</strong></span> <span class='ocrx_word' id='word_1_24' title='bbox 782 536 918 611; x_wconf 76' lang='lat' dir='ltr'><strong>turpiter.</strong></span> 
     </span>
     <span class='ocr_line' id='line_1_5' title="bbox 125 631 920 710; baseline -0.005 -18"><span class='ocrx_word' id='word_1_25' title='bbox 125 631 241 692; x_wconf 77' lang='lat' dir='ltr'>Minora</span> <span class='ocrx_word' id='word_1_26' title='bbox 254 649 330 704; x_wconf 87' lang='lat' dir='ltr'><strong>vero,</strong></span> <span class='ocrx_word' id='word_1_27' title='bbox 344 649 463 708; x_wconf 84' lang='lat' dir='ltr'><strong>queque</strong></span> <span class='ocrx_word' id='word_1_28' title='bbox 483 643 550 691; x_wconf 87' lang='lat' dir='ltr'><strong>sunt</strong></span> <span class='ocrx_word' id='word_1_29' title='bbox 569 651 605 690; x_wconf 86' lang='lat' dir='ltr'><strong>err</strong></span> <span class='ocrx_word' id='word_1_30' title='bbox 624 632 737 703; x_wconf 86' lang='lat' dir='ltr'><strong>mediis,</strong></span> <span class='ocrx_word' id='word_1_31' title='bbox 750 632 920 710; x_wconf 87' lang='lat' dir='ltr'><strong>plerumque</strong></span> 
     </span>
     <span class='ocr_line' id='line_1_6' title="bbox 126 727 918 800; baseline -0.001 -14"><span class='ocrx_word' id='word_1_32' title='bbox 126 739 191 788; x_wconf 86' lang='lat' dir='ltr'><strong>sunt</strong></span> <span class='ocrx_word' id='word_1_33' title='bbox 216 728 292 800; x_wconf 82' lang='lat' dir='ltr'><strong>tulin,</strong></span> <span class='ocrx_word' id='word_1_34' title='bbox 313 739 344 787; x_wconf 88' lang='lat' dir='ltr'><strong>ut</strong></span> <span class='ocrx_word' id='word_1_35' title='bbox 371 727 434 787; x_wconf 79' lang='lat' dir='ltr'><strong>eliis</strong></span> <span class='ocrx_word' id='word_1_36' title='bbox 452 729 510 786; x_wconf 88' lang='lat' dir='ltr'><strong>sint</strong></span> <span class='ocrx_word' id='word_1_37' title='bbox 529 729 747 796; x_wconf 81' lang='lat' dir='ltr'><strong>contemnende,</strong></span> <span class='ocrx_word' id='word_1_38' title='bbox 770 728 833 786; x_wconf 85' lang='lat' dir='ltr'><strong>eliis</strong></span> <span class='ocrx_word' id='word_1_39' title='bbox 859 747 918 786; x_wconf 91' lang='lat' dir='ltr'><strong>non</strong></span> 
     </span>
     <span class='ocr_line' id='line_1_7' title="bbox 126 824 920 902; baseline -0.005 -18"><span class='ocrx_word' id='word_1_40' title='bbox 126 824 191 894; x_wconf 87' lang='lat' dir='ltr'><strong>sint,</strong></span> <span class='ocrx_word' id='word_1_41' title='bbox 213 834 261 883; x_wconf 83' lang='lat' dir='ltr'><strong>sut</strong></span> <span class='ocrx_word' id='word_1_42' title='bbox 274 843 331 902; x_wconf 87' lang='lat' dir='ltr'><strong>pro</strong></span> <span class='ocrx_word' id='word_1_43' title='bbox 345 843 478 900; x_wconf 67' lang='lat' dir='ltr'><strong>pesona,</strong></span> <span class='ocrx_word' id='word_1_44' title='bbox 493 834 622 900; x_wconf 84' lang='lat' dir='ltr'><strong>tempore,</strong></span> <span class='ocrx_word' id='word_1_45' title='bbox 637 825 705 896; x_wconf 80' lang='lat' dir='ltr'><strong>loco,</strong></span> <span class='ocrx_word' id='word_1_46' title='bbox 719 843 808 881; x_wconf 81' lang='lat' dir='ltr'><strong>causo</strong></span> <span class='ocrx_word' id='word_1_47' title='bbox 827 825 920 901; x_wconf 76' lang='lat' dir='ltr'><strong>magis</strong></span> 
     </span>
     <span class='ocr_line' id='line_1_8' title="bbox 128 920 919 995; baseline -0.003 -17"><span class='ocrx_word' id='word_1_48' title='bbox 128 939 162 980; x_wconf 81' lang='lat' dir='ltr'><strong>se</strong></span> <span class='ocrx_word' id='word_1_49' title='bbox 174 921 267 980; x_wconf 89' lang='lat' dir='ltr'><strong>minus</strong></span> <span class='ocrx_word' id='word_1_50' title='bbox 287 921 330 978; x_wconf 89' lang='lat' dir='ltr'><strong>vel</strong></span> <span class='ocrx_word' id='word_1_51' title='bbox 351 932 486 978; x_wconf 81' lang='lat' dir='ltr'><strong>excusata</strong></span> <span class='ocrx_word' id='word_1_52' title='bbox 505 921 628 978; x_wconf 82' lang='lat' dir='ltr'><strong>debeant</strong></span> <span class='ocrx_word' id='word_1_53' title='bbox 647 920 746 991; x_wconf 86' lang='lat' dir='ltr'><strong>rideri,</strong></span> <span class='ocrx_word' id='word_1_54' title='bbox 761 920 805 977; x_wconf 88' lang='lat' dir='ltr'><strong>vel</strong></span> <span class='ocrx_word' id='word_1_55' title='bbox 827 938 919 995; x_wconf 89' lang='lat' dir='ltr'><strong>repre·</strong></span> 
     </span>
     <span class='ocr_line' id='line_1_9' title="bbox 127 1016 919 1076; baseline -0.004 0"><span class='ocrx_word' id='word_1_56' title='bbox 127 1017 283 1076; x_wconf 83' lang='lat' dir='ltr'><strong>lrendends</strong></span> <span class='ocrx_word' id='word_1_57' title='bbox 327 1019 371 1076; x_wconf 86' lang='lat'><strong>15.</strong></span> <span class='ocrx_word' id='word_1_58' title='bbox 393 1019 468 1076; x_wconf 84' lang='lat' dir='ltr'><strong>Cum</strong></span> <span class='ocrx_word' id='word_1_59' title='bbox 495 1017 624 1075; x_wconf 84' lang='lat' dir='ltr'><strong>dicemus</strong></span> <span class='ocrx_word' id='word_1_60' title='bbox 650 1028 745 1074; x_wconf 87' lang='lat' dir='ltr'><strong>sutem</strong></span> <span class='ocrx_word' id='word_1_61' title='bbox 770 1016 808 1074; x_wconf 93' lang='lat' dir='ltr'><strong>de</strong></span> <span class='ocrx_word' id='word_1_62' title='bbox 835 1018 919 1074; x_wconf 86' lang='lat' dir='ltr'><strong>rebus</strong></span> 
     </span>
     <span class='ocr_line' id='line_1_10' title="bbox 128 1112 919 1187; baseline -0.003 -15"><span class='ocrx_word' id='word_1_63' title='bbox 128 1123 176 1173; x_wconf 78' lang='lat' dir='ltr'><strong>aut</strong></span> <span class='ocrx_word' id='word_1_64' title='bbox 190 1115 296 1187; x_wconf 81' lang='lat' dir='ltr'><strong>alienis,</strong></span> <span class='ocrx_word' id='word_1_65' title='bbox 312 1124 360 1172; x_wconf 89' lang='lat' dir='ltr'><strong>sut</strong></span> <span class='ocrx_word' id='word_1_66' title='bbox 372 1115 485 1184; x_wconf 89' lang='lat' dir='ltr'><strong>nostris,</strong></span> <span class='ocrx_word' id='word_1_67' title='bbox 500 1113 651 1171; x_wconf 80' lang='lat' dir='ltr'><strong>dividendo</strong></span> <span class='ocrx_word' id='word_1_68' title='bbox 665 1112 739 1170; x_wconf 82' lang='lat' dir='ltr'><strong>ratio</strong></span> <span class='ocrx_word' id='word_1_69' title='bbox 750 1123 795 1170; x_wconf 88' lang='lat' dir='ltr'><strong>est</strong></span> <span class='ocrx_word' id='word_1_70' title='bbox 809 1131 919 1184; x_wconf 91' lang='lat' dir='ltr'><strong>eorum,</strong></span> 
     </span>
     <span class='ocr_line' id='line_1_11' title="bbox 128 1209 847 1288; baseline -0.001 -20"><span class='ocrx_word' id='word_1_71' title='bbox 128 1211 195 1269; x_wconf 90' lang='lat' dir='ltr'><strong>dum</strong></span> <span class='ocrx_word' id='word_1_72' title='bbox 208 1211 335 1270; x_wconf 83' lang='lat' dir='ltr'><strong>sciemus</strong></span> <span class='ocrx_word' id='word_1_73' title='bbox 343 1211 477 1288; x_wconf 80' lang='lat' dir='ltr'>pleraque</span> <span class='ocrx_word' id='word_1_74' title='bbox 492 1218 593 1267; x_wconf 91' lang='lat' dir='ltr'><strong>neutro</strong></span> <span class='ocrx_word' id='word_1_75' title='bbox 606 1209 672 1267; x_wconf 88' lang='lat' dir='ltr'><strong>loeo</strong></span> <span class='ocrx_word' id='word_1_76' title='bbox 683 1209 847 1268; x_wconf 84' lang='lat' dir='ltr'><strong>convenire.</strong></span> 
     </span>
     <span class='ocr_line' id='line_1_12' title="bbox 166 1305 918 1385; baseline 0.001 -21"><span class='ocrx_word' id='word_1_77' title='bbox 166 1307 309 1385; x_wconf 82' lang='lat' dir='ltr'>Imprimis</span> <span class='ocrx_word' id='word_1_78' title='bbox 323 1309 409 1385; x_wconf 85' lang='lat' dir='ltr'><strong>igitur</strong></span> <span class='ocrx_word' id='word_1_79' title='bbox 430 1308 524 1364; x_wconf 90' lang='lat' dir='ltr'><strong>omnis</strong></span> <span class='ocrx_word' id='word_1_80' title='bbox 543 1305 588 1364; x_wconf 92' lang='lat' dir='ltr'><strong>sui</strong></span> <span class='ocrx_word' id='word_1_81' title='bbox 609 1306 710 1363; x_wconf 83' lang='lat' dir='ltr'><strong>vitiose</strong></span> <span class='ocrx_word' id='word_1_82' title='bbox 726 1305 847 1382; x_wconf 80' lang='lat' dir='ltr'><strong>jactatio</strong></span> <span class='ocrx_word' id='word_1_83' title='bbox 866 1317 918 1377; x_wconf 86' lang='lat' dir='ltr'><strong>est,</strong></span> 
     </span>
    </p>
   </div>
   <div class='ocr_carea' id='block_1_3' title="bbox 126 1402 970 1485">
    <p class='ocr_par' dir='ltr' id='par_1_3' title="bbox 126 1402 970 1485">
     <span class='ocr_line' id='line_1_13' title="bbox 126 1402 970 1485; baseline -0.002 -23"><span class='ocrx_word' id='word_1_84' title='bbox 126 1405 295 1478; x_wconf 80' lang='lat' dir='ltr'><strong>eloquentie</strong></span> <span class='ocrx_word' id='word_1_85' title='bbox 309 1415 403 1463; x_wconf 86' lang='lat' dir='ltr'><strong>temen</strong></span> <span class='ocrx_word' id='word_1_86' title='bbox 420 1405 449 1461; x_wconf 88' lang='lat' dir='ltr'><strong>in</strong></span> <span class='ocrx_word' id='word_1_87' title='bbox 470 1414 581 1461; x_wconf 84' lang='lat' dir='ltr'><strong>oratore</strong></span> <span class='ocrx_word' id='word_1_88' title='bbox 600 1402 760 1480; x_wconf 75' lang='lat' dir='ltr'><strong>precipue3</strong></span> <span class='ocrx_word' id='word_1_89' title='bbox 783 1403 920 1478; x_wconf 87' lang='lat' dir='ltr'><strong>sll&#39;ertque</strong></span> <span class='ocrx_word' id='word_1_90' title='bbox 969 1406 970 1485; x_wconf 65' lang='lat' dir='ltr'><strong>l</strong></span> 
     </span>
    </p>
   </div>
   <div class='ocr_carea' id='block_1_4' title="bbox 129 1499 971 2823">
    <p class='ocr_par' dir='ltr' id='par_1_4' title="bbox 130 1499 919 1575">
     <span class='ocr_line' id='line_1_14' title="bbox 130 1499 919 1575; baseline -0.003 -17"><span class='ocrx_word' id='word_1_91' title='bbox 130 1501 308 1558; x_wconf 78' lang='lat' dir='ltr'>audientibus</span> <span class='ocrx_word' id='word_1_92' title='bbox 328 1519 386 1556; x_wconf 88' lang='lat' dir='ltr'><strong>non</strong></span> <span class='ocrx_word' id='word_1_93' title='bbox 406 1501 551 1558; x_wconf 82' lang='lat' dir='ltr'><strong>festidium</strong></span> <span class='ocrx_word' id='word_1_94' title='bbox 572 1501 668 1571; x_wconf 91' lang='lat' dir='ltr'><strong>modo,</strong></span> <span class='ocrx_word' id='word_1_95' title='bbox 683 1500 732 1557; x_wconf 91' lang='lat' dir='ltr'><strong>sed</strong></span> <span class='ocrx_word' id='word_1_96' title='bbox 752 1499 919 1575; x_wconf 85' lang='lat' dir='ltr'><strong>plerumque</strong></span> 
     </span>
    </p>

    <p class='ocr_par' dir='ltr' id='par_1_5' title="bbox 129 1595 920 1677">
     <span class='ocr_line' id='line_1_15' title="bbox 129 1595 920 1677; baseline -0.004 -22"><span class='ocrx_word' id='word_1_97' title='bbox 129 1597 213 1654; x_wconf 88' lang='lat' dir='ltr'><strong>etiam</strong></span> <span class='ocrx_word' id='word_1_98' title='bbox 227 1595 332 1652; x_wconf 89' lang='lat' dir='ltr'><strong>odium.</strong></span> <span class='ocrx_word' id='word_1_99' title='bbox 376 1597 420 1652; x_wconf 90' lang='lat'><strong>16.</strong></span> <span class='ocrx_word' id='word_1_100' title='bbox 442 1595 539 1653; x_wconf 82' lang='lat' dir='ltr'><strong>Habet</strong></span> <span class='ocrx_word' id='word_1_101' title='bbox 557 1597 634 1654; x_wconf 88' lang='lat' dir='ltr'><strong>enim</strong></span> <span class='ocrx_word' id='word_1_102' title='bbox 656 1615 736 1677; x_wconf 84' lang='lat' dir='ltr'><strong>mens</strong></span> <span class='ocrx_word' id='word_1_103' title='bbox 755 1607 854 1654; x_wconf 84' lang='lat' dir='ltr'><strong>nostra</strong></span> <span class='ocrx_word' id='word_1_104' title='bbox 874 1616 920 1652; x_wconf 86' lang='lat' dir='ltr'><strong>ns·</strong></span> 
     </span>
    </p>

    <p class='ocr_par' dir='ltr' id='par_1_6' title="bbox 129 1691 920 1767">
     <span class='ocr_line' id='line_1_16' title="bbox 129 1691 920 1767; baseline -0.003 -19"><span class='ocrx_word' id='word_1_105' title='bbox 129 1701 193 1748; x_wconf 86' lang='lat' dir='ltr'><strong>turn</strong></span> <span class='ocrx_word' id='word_1_106' title='bbox 214 1691 334 1748; x_wconf 92' lang='lat' dir='ltr'><strong>sublime</strong></span> <span class='ocrx_word' id='word_1_107' title='bbox 361 1691 495 1764; x_wconf 81' lang='lat' dir='ltr'>quiddam</span> <span class='ocrx_word' id='word_1_108' title='bbox 515 1703 543 1748; x_wconf 92' lang='lat' dir='ltr'><strong>et</strong></span> <span class='ocrx_word' id='word_1_109' title='bbox 563 1702 699 1762; x_wconf 88' lang='lat' dir='ltr'><strong>erectum,</strong></span> <span class='ocrx_word' id='word_1_110' title='bbox 720 1698 749 1748; x_wconf 81' lang='lat' dir='ltr'><strong>et</strong></span> <span class='ocrx_word' id='word_1_111' title='bbox 768 1691 920 1767; x_wconf 81' lang='lat' dir='ltr'><strong>impatiens</strong></span> 
     </span>
    </p>

    <p class='ocr_par' dir='ltr' id='par_1_7' title="bbox 129 1785 971 2829">
     <span class='ocr_line' id='line_1_17' title="bbox 129 1785 970 1863; baseline 0 -19"><span class='ocrx_word' id='word_1_112' title='bbox 129 1785 289 1860; x_wconf 82' lang='lat' dir='ltr'><strong>superioris.</strong></span> <span class='ocrx_word' id='word_1_113' title='bbox 331 1786 458 1861; x_wconf 83' lang='lat' dir='ltr'>Ideoque</span> <span class='ocrx_word' id='word_1_114' title='bbox 479 1787 614 1863; x_wconf 84' lang='lat' dir='ltr'><strong>abjectos,</strong></span> <span class='ocrx_word' id='word_1_115' title='bbox 637 1799 685 1846; x_wconf 81' lang='lat' dir='ltr'><strong>aut</strong></span> <span class='ocrx_word' id='word_1_116' title='bbox 712 1788 920 1846; x_wconf 77' lang='lat' dir='ltr'><strong>summittentes</strong></span> <span class='ocrx_word' id='word_1_117' title='bbox 969 1852 970 1855; x_wconf 8' lang='grc' dir='ltr'><strong>Ἴ</strong></span> 
     </span>
     <span class='ocr_line' id='line_1_18' title="bbox 130 1881 918 1958; baseline -0.001 -18"><span class='ocrx_word' id='word_1_118' title='bbox 130 1900 170 1952; x_wconf 86' lang='lat' dir='ltr'><strong>se,</strong></span> <span class='ocrx_word' id='word_1_119' title='bbox 184 1881 303 1940; x_wconf 84' lang='lat' dir='ltr'><strong>libenter</strong></span> <span class='ocrx_word' id='word_1_120' title='bbox 325 1883 486 1954; x_wconf 82' lang='lat' dir='ltr'><strong>allevemus,</strong></span> <span class='ocrx_word' id='word_1_121' title='bbox 508 1883 575 1957; x_wconf 86' lang='lat' dir='ltr'><strong>quis</strong></span> <span class='ocrx_word' id='word_1_122' title='bbox 595 1884 651 1940; x_wconf 90' lang='lat' dir='ltr'><strong>hoe</strong></span> <span class='ocrx_word' id='word_1_123' title='bbox 670 1885 765 1941; x_wconf 83' lang='lat' dir='ltr'><strong>faeere</strong></span> <span class='ocrx_word' id='word_1_124' title='bbox 783 1895 918 1958; x_wconf 78' lang='lat' dir='ltr'><strong>tunquam</strong></span> 
     </span>
     <span class='ocr_line' id='line_1_19' title="bbox 129 1978 970 2055; baseline -0.002 -17"><span class='ocrx_word' id='word_1_125' title='bbox 129 1978 249 2055; x_wconf 84' lang='lat' dir='ltr'><strong>majores</strong></span> <span class='ocrx_word' id='word_1_126' title='bbox 262 1981 410 2036; x_wconf 87' lang='lat' dir='ltr'><strong>videmur:</strong></span> <span class='ocrx_word' id='word_1_127' title='bbox 432 1989 469 2050; x_wconf 90' lang='lat' dir='ltr'><strong>et,</strong></span> <span class='ocrx_word' id='word_1_128' title='bbox 485 1980 596 2054; x_wconf 89' lang='lat' dir='ltr'><strong>quoties</strong></span> <span class='ocrx_word' id='word_1_129' title='bbox 616 1980 747 2037; x_wconf 79' lang='lat' dir='ltr'><strong>discessit</strong></span> <span class='ocrx_word' id='word_1_130' title='bbox 767 1981 918 2050; x_wconf 81' lang='lat' dir='ltr'><strong>aemulstio,</strong></span> <span class='ocrx_word' id='word_1_131' title='bbox 969 1980 970 1983; x_wconf 69' lang='grc'>’</span> 
     </span>
     <span class='ocr_line' id='line_1_20' title="bbox 130 2076 971 2169; baseline -0.002 -35"><span class='ocrx_word' id='word_1_132' title='bbox 130 2077 258 2134; x_wconf 79' lang='lat' dir='ltr'><strong>succedit</strong></span> <span class='ocrx_word' id='word_1_133' title='bbox 284 2076 452 2134; x_wconf 85' lang='lat' dir='ltr'><strong>humanitas.</strong></span> <span class='ocrx_word' id='word_1_134' title='bbox 492 2077 534 2133; x_wconf 95' lang='lat' dir='ltr'><strong>At</strong></span> <span class='ocrx_word' id='word_1_135' title='bbox 560 2077 609 2150; x_wconf 89' lang='lat' dir='ltr'><strong>qui</strong></span> <span class='ocrx_word' id='word_1_136' title='bbox 636 2092 672 2134; x_wconf 87' lang='lat' dir='ltr'><strong>se·</strong></span> <span class='ocrx_word' id='word_1_137' title='bbox 692 2090 778 2151; x_wconf 81' lang='lat' dir='ltr'><strong>supra</strong></span> <span class='ocrx_word' id='word_1_138' title='bbox 803 2077 919 2133; x_wconf 89' lang='lat' dir='ltr'><strong>modum</strong></span> <span class='ocrx_word' id='word_1_139' title='bbox 969 2080 971 2169; x_wconf 49' lang='grc' dir='ltr'>ἰ</span> 
     </span>
     <span class='ocr_line' id='line_1_21' title="bbox 130 2172 970 2248; baseline -0.001 -17"><span class='ocrx_word' id='word_1_140' title='bbox 130 2174 246 2244; x_wconf 81' lang='lat' dir='ltr'><strong>extollit,</strong></span> <span class='ocrx_word' id='word_1_141' title='bbox 257 2189 385 2248; x_wconf 85' lang='lat' dir='ltr'><strong>premere</strong></span> <span class='ocrx_word' id='word_1_142' title='bbox 400 2192 433 2230; x_wconf 81' lang='lat' dir='ltr'><strong>ae</strong></span> <span class='ocrx_word' id='word_1_143' title='bbox 446 2173 593 2248; x_wconf 77' lang='lat' dir='ltr'><strong>despicere</strong></span> <span class='ocrx_word' id='word_1_144' title='bbox 606 2173 740 2241; x_wconf 87' lang='lat' dir='ltr'><strong>creditur,</strong></span> <span class='ocrx_word' id='word_1_145' title='bbox 750 2189 805 2230; x_wconf 88' lang='lat' dir='ltr'><strong>nec</strong></span> <span class='ocrx_word' id='word_1_146' title='bbox 818 2182 876 2229; x_wconf 78' lang='lat' dir='ltr'><strong>tem</strong></span> <span class='ocrx_word' id='word_1_147' title='bbox 890 2191 921 2230; x_wconf 88' lang='lat' dir='ltr'><strong>se</strong></span> <span class='ocrx_word' id='word_1_148' title='bbox 969 2172 970 2237; x_wconf 73' lang='lat' dir='ltr'><strong>l</strong></span> 
     </span>
     <span class='ocr_line' id='line_1_22' title="bbox 130 2261 970 2344; baseline -0.002 -16"><span class='ocrx_word' id='word_1_149' title='bbox 130 2270 375 2344; x_wconf 56' lang='lat' dir='ltr'><strong>majoremdomus</strong></span> <span class='ocrx_word' id='word_1_150' title='bbox 381 2267 505 2328; x_wconf 76' lang='lat' dir='ltr'><strong>minores</strong></span> <span class='ocrx_word' id='word_1_151' title='bbox 518 2280 628 2327; x_wconf 88' lang='lat' dir='ltr'><strong>ceteros</strong></span> <span class='ocrx_word' id='word_1_152' title='bbox 644 2261 745 2326; x_wconf 75' lang='lat' dir='ltr'><strong>licere.</strong></span> <span class='ocrx_word' id='word_1_153' title='bbox 789 2270 834 2326; x_wconf 86' lang='lat'><strong>17.</strong></span> <span class='ocrx_word' id='word_1_154' title='bbox 850 2268 921 2326; x_wconf 90' lang='lat' dir='ltr'><strong>Inde</strong></span> <span class='ocrx_word' id='word_1_155' title='bbox 969 2264 970 2307; x_wconf 71' lang='grc' dir='ltr'>ἶ</span> 
     </span>
     <span class='ocr_line' id='line_1_23' title="bbox 131 2359 920 2441; baseline -0.002 -17"><span class='ocrx_word' id='word_1_156' title='bbox 131 2365 257 2424; x_wconf 69' lang='lat' dir='ltr'><strong>invisent</strong></span> <span class='ocrx_word' id='word_1_157' title='bbox 276 2364 535 2441; x_wconf 62' lang='lat' dir='ltr'><strong>luminosarum</strong></span> <span class='ocrx_word' id='word_1_158' title='bbox 555 2365 610 2422; x_wconf 72' lang='lat' dir='ltr'><strong>uos</strong></span> <span class='ocrx_word' id='word_1_159' title='bbox 629 2359 729 2422; x_wconf 60' lang='lat' dir='ltr'><strong>verrom</strong></span> <span class='ocrx_word' id='word_1_160' title='bbox 749 2375 792 2422; x_wconf 74' lang='lat' dir='ltr'><strong>est</strong></span> <span class='ocrx_word' id='word_1_161' title='bbox 811 2382 920 2435; x_wconf 72' lang='lat' dir='ltr'><strong>sorum,</strong></span> 
     </span>
     <span class='ocr_line' id='line_1_24' title="bbox 131 2459 921 2540; baseline 0.002 -24"><span class='ocrx_word' id='word_1_162' title='bbox 131 2459 178 2534; x_wconf 92' lang='lat' dir='ltr'><strong>qui</strong></span> <span class='ocrx_word' id='word_1_163' title='bbox 193 2478 247 2517; x_wconf 92' lang='lat' dir='ltr'><strong>nee</strong></span> <span class='ocrx_word' id='word_1_164' title='bbox 268 2459 370 2517; x_wconf 83' lang='lat' dir='ltr'><strong>cedere</strong></span> <span class='ocrx_word' id='word_1_165' title='bbox 389 2461 495 2532; x_wconf 87' lang='lat' dir='ltr'><strong>volunt,</strong></span> <span class='ocrx_word' id='word_1_166' title='bbox 511 2479 566 2518; x_wconf 89' lang='lat' dir='ltr'><strong>nee</strong></span> <span class='ocrx_word' id='word_1_167' title='bbox 584 2471 703 2536; x_wconf 88' lang='lat' dir='ltr'><strong>possunt</strong></span> <span class='ocrx_word' id='word_1_168' title='bbox 723 2462 921 2540; x_wconf 87' lang='lat' dir='ltr'><strong>contendere),</strong></span> 
     </span>
     <span class='ocr_line' id='line_1_25' title="bbox 131 2555 970 2637; baseline 0.002 -25"><span class='ocrx_word' id='word_1_169' title='bbox 131 2555 224 2612; x_wconf 85' lang='lat' dir='ltr'><strong>rident</strong></span> <span class='ocrx_word' id='word_1_170' title='bbox 249 2556 417 2630; x_wconf 85' lang='lat' dir='ltr'><strong>superiores,</strong></span> <span class='ocrx_word' id='word_1_171' title='bbox 446 2556 607 2632; x_wconf 80' lang='lat' dir='ltr'><strong>improbant</strong></span> <span class='ocrx_word' id='word_1_172' title='bbox 633 2557 708 2614; x_wconf 87' lang='lat' dir='ltr'><strong>boni.</strong></span> <span class='ocrx_word' id='word_1_173' title='bbox 749 2556 922 2633; x_wconf 86' lang='lat' dir='ltr'><strong>Plerumque</strong></span> <span class='ocrx_word' id='word_1_174' title='bbox 969 2624 970 2637; x_wconf 22' lang='lat'><em>2</em></span> 
     </span>
     <span class='ocr_line' id='line_1_26' title="bbox 131 2652 923 2730; baseline 0.002 -22"><span class='ocrx_word' id='word_1_175' title='bbox 131 2669 197 2708; x_wconf 87' lang='lat' dir='ltr'><strong>vero</strong></span> <span class='ocrx_word' id='word_1_176' title='bbox 217 2652 410 2728; x_wconf 82' lang='lat' dir='ltr'><strong>deprehendes</strong></span> <span class='ocrx_word' id='word_1_177' title='bbox 437 2653 629 2729; x_wconf 78' lang='lat' dir='ltr'><strong>arrogantium</strong></span> <span class='ocrx_word' id='word_1_178' title='bbox 649 2653 749 2711; x_wconf 79' lang='lat' dir='ltr'><strong>fulsum</strong></span> <span class='ocrx_word' id='word_1_179' title='bbox 767 2653 850 2712; x_wconf 88' lang='lat' dir='ltr'><strong>dese</strong></span> <span class='ocrx_word' id='word_1_180' title='bbox 863 2653 923 2730; x_wconf 92' lang='lat' dir='ltr'><strong>opi·</strong></span> 
     </span>
     <span class='ocr_line' id='line_1_27' title="bbox 132 2736 971 2823; baseline 0 -17"><span class='ocrx_word' id='word_1_181' title='bbox 132 2747 263 2806; x_wconf 91' lang='lat' dir='ltr'><strong>nionem:</strong></span> <span class='ocrx_word' id='word_1_182' title='bbox 285 2747 333 2805; x_wconf 90' lang='lat' dir='ltr'><strong>sed</strong></span> <span class='ocrx_word' id='word_1_183' title='bbox 355 2748 385 2804; x_wconf 88' lang='lat' dir='ltr'><strong>in</strong></span> <span class='ocrx_word' id='word_1_184' title='bbox 406 2748 478 2806; x_wconf 88' lang='lat' dir='ltr'><strong>veris</strong></span> <span class='ocrx_word' id='word_1_185' title='bbox 493 2766 605 2823; x_wconf 85' lang='lat' dir='ltr'><strong>quoque</strong></span> <span class='ocrx_word' id='word_1_186' title='bbox 619 2749 723 2806; x_wconf 87' lang='lat' dir='ltr'><strong>suffieit</strong></span> <span class='ocrx_word' id='word_1_187' title='bbox 735 2750 920 2808; x_wconf 75' lang='lat' dir='ltr'><strong>conscientie</strong></span> <span class='ocrx_word' id='word_1_188' title='bbox 969 2736 971 2812; x_wconf 84' lang='lat' dir='ltr'><strong>l</strong></span> 
     </span>
    </p>
   </div>
   <div class='ocr_carea' id='block_1_5' title="bbox 171 2839 971 2919">
    <p class='ocr_par' dir='ltr' id='par_1_8' title="bbox 171 2839 971 2919">
     <span class='ocr_line' id='line_1_28' title="bbox 171 2839 971 2919; baseline 0.004 -19"><span class='ocrx_word' id='word_1_189' title='bbox 171 2843 375 2919; x_wconf 83' lang='lat' dir='ltr'><strong>Reprehensos</strong></span> <span class='ocrx_word' id='word_1_190' title='bbox 389 2855 431 2901; x_wconf 92' lang='lat' dir='ltr'><strong>est</strong></span> <span class='ocrx_word' id='word_1_191' title='bbox 445 2844 474 2900; x_wconf 92' lang='lat' dir='ltr'><strong>in</strong></span> <span class='ocrx_word' id='word_1_192' title='bbox 489 2844 544 2901; x_wconf 86' lang='lat' dir='ltr'><strong>hue</strong></span> <span class='ocrx_word' id='word_1_193' title='bbox 561 2853 642 2918; x_wconf 84' lang='lat' dir='ltr'><strong>perte</strong></span> <span class='ocrx_word' id='word_1_194' title='bbox 661 2863 720 2901; x_wconf 92' lang='lat' dir='ltr'><strong>non</strong></span> <span class='ocrx_word' id='word_1_195' title='bbox 740 2844 924 2906; x_wconf 83' lang='lat' dir='ltr'><strong>mediocriter</strong></span> <span class='ocrx_word' id='word_1_196' title='bbox 969 2839 971 2844; x_wconf 66' lang='grc'><strong>’</strong></span> 
     </span>
    </p>
   </div>
   <div class='ocr_carea' id='block_1_6' title="bbox 140 2939 971 3022">
    <p class='ocr_par' dir='ltr' id='par_1_9' title="bbox 140 2939 971 3022">
     <span class='ocr_line' id='line_1_29' title="bbox 140 2939 971 3022; baseline 0.024 -39"><span class='ocrx_word' id='word_1_197' title='bbox 140 2939 247 3010; x_wconf 55' lang='lat' dir='ltr'><strong>moero,</strong></span> <span class='ocrx_word' id='word_1_198' title='bbox 259 2940 456 3018; x_wconf 64' lang='lat' dir='ltr'><strong>quenquennis</strong></span> <span class='ocrx_word' id='word_1_199' title='bbox 468 2939 584 3015; x_wconf 83' lang='lat' dir='ltr'><strong>quidem</strong></span> <span class='ocrx_word' id='word_1_200' title='bbox 596 2957 691 3000; x_wconf 84' lang='lat' dir='ltr'><strong>rerum</strong></span> <span class='ocrx_word' id='word_1_201' title='bbox 706 2959 767 3000; x_wconf 79' lang='lat' dir='ltr'><strong>sse</strong></span> <span class='ocrx_word' id='word_1_202' title='bbox 779 2953 924 3020; x_wconf 77' lang='lat' dir='ltr'><strong>gestumr</strong></span> <span class='ocrx_word' id='word_1_203' title='bbox 969 3002 971 3022; x_wconf 22' lang='grc' dir='ltr'>ζ</span> 
     </span>
    </p>
   </div>
   <div class='ocr_carea' id='block_1_7' title="bbox 0 0 1006 3342">
    <p class='ocr_par' dir='ltr' id='par_1_10' title="bbox 0 0 1006 3342">
     <span class='ocr_line' id='line_1_30' title="bbox 0 0 1006 3342; baseline 0 0"><span class='ocrx_word' id='word_1_204' title='bbox 0 0 1006 3342; x_wconf 95' lang='lat' dir='ltr'><strong> </strong></span> 
     </span>
    </p>
   </div>
  </div>
 </body>
</html>
