1984 3342
134 203 176 264 oe
374 212 410 261 Μ.
429 211 499 258 m.
517 209 724 267 commum

135 379 191 422 one
217 362 295 420 omni
321 361 439 420 reniret
463 361 615 436 loquetur?
654 361 702 419 54.
723 358 797 422 Quo
821 359 929 438 fugent

135 457 249 517 interim
263 457 343 516 dolor
357 457 424 516 ittet
439 458 488 515 ubi
501 457 626 516 lecrimre
640 456 837 514 substiterint?
851 456 928 514 unde

135 573 167 612 re
199 553 229 612 in
255 553 381 612 medium
414 565 472 612 trm
504 572 608 612 secura
638 553 799 611 observatio
825 552 927 610 artium

135 651 265 708 miseriti
318 650 387 708 Non
415 651 449 709 ab
476 651 593 708 exordio
619 668 710 725 usque
735 650 772 706 nd
797 649 929 708 nltimam

135 765 235 805 rocem
249 748 403 806 continuus
416 748 533 822 quidem
553 748 685 824 gemitus,
698 757 728 804 et
747 746 824 804 idem
843 747 930 806 tristi·

134 844 182 900 tim
202 844 296 902 vultus
322 845 487 914 servabitur,
508 844 533 901 ei
559 844 674 918 quidem
700 843 776 900 votet
801 842 929 902 dolorem
969 870 970 873 ¹

134 955 217 998 ruem
237 940 324 998 etiarn
344 940 374 998 in
396 939 543 998 audientes
562 939 779 998 commodaret
799 957 887 1014 quem
905 939 928 998 ri

135 1051 255 1112 nsquam
278 1037 430 1108 remiserit,
452 1037 482 1095 in
503 1036 629 1094 animum
653 1035 844 1112 judicantium
871 1055 929 1094 non

134 1133 259 1194 reducet.
300 1133 348 1192 55.
368 1132 458 1196 Quod
471 1133 616 1208 precipue
628 1132 856 1190 declamantibus
869 1133 930 1209 (ne-

134 1249 190 1306 que
203 1231 280 1290 enim
294 1249 341 1290 me
353 1229 472 1307 poenitet
486 1229 521 1286 ad
534 1229 591 1286 hoc
604 1246 718 1304 quoqne
730 1247 802 1304 opor
824 1247 929 1301 meum,

134 1337 163 1388 et
176 1345 275 1386 curam
288 1337 484 1403 susceptorum
497 1325 585 1384 semel
600 1325 825 1384 adolescentium
844 1326 931 1404 respi-

134 1425 214 1502 cere)
243 1423 463 1482 custodiendum
490 1431 542 1494 ert,
570 1440 629 1498 quo
652 1422 748 1498 plures
774 1423 805 1480 io
833 1422 930 1482 ocholt
969 1440 970 1473 ;

134 1519 278 1596 tinguntur
300 1519 427 1591 effectus,
442 1536 523 1594 quos,
537 1535 596 1576 non
615 1528 648 1576 nt
668 1519 807 1591 advocati,
828 1520 882 1578 red
901 1533 930 1577 ut

133 1613 219 1691 pessi,
234 1614 380 1673 subimus:
407 1615 455 1672 56.
477 1633 545 1672 cum
564 1614 650 1673 etiam
671 1615 729 1672 hoc
740 1633 834 1693 genus
847 1635 930 1674 ornu-

134 1710 188 1768 lnri
200 1710 293 1768 litium
302 1710 405 1782 solent,
417 1729 483 1768 cum
495 1711 544 1786 juo
557 1713 656 1770 mortio
670 1731 687 1770 n
699 1723 799 1770 senatu
813 1712 929 1788 quidem

135 1805 179 1864 rel
200 1806 238 1864 ob
259 1806 382 1882 aliquam
402 1825 536 1884 mcgnnm
557 1807 764 1880 infelicitatem,
778 1809 823 1866 vei
844 1808 929 1868 etiem

134 1903 330 1980 poenitentiam
342 1913 452 1980 petunt,
464 1902 494 1960 in
508 1904 612 1979 quibus
624 1923 683 1963 non
696 1905 789 1963 solum
803 1916 928 1976 contere,

135 2000 213 2076 quod
232 2001 332 2058 vitium
351 2000 485 2077 pervasit,
500 2011 549 2058 cut
567 2000 707 2073 lascivire,
721 2001 773 2060 red
793 2020 831 2059 ne
852 2019 931 2078 argu·
969 2072 970 2087 ζ

136 2098 256 2156 mentari
271 2097 385 2173 quidem
399 2096 455 2156 nisi
469 2096 574 2170 mixtis,
587 2108 617 2155 et
629 2099 746 2174 quidem
758 2099 809 2171 itt,
823 2110 858 2157 ut
870 2099 929 2175 ipso
969 2094 970 2129 i

136 2195 304 2271 probatione
336 2193 427 2270 magis
466 2193 622 2266 emineant,
657 2194 807 2253 effectibus
839 2195 927 2253 decet

136 2291 166 2348 N
170 2311 213 2348 am
229 2291 277 2364 qui
291 2289 478 2371 intermittere
498 2289 529 2347 in
550 2290 661 2367 agendo
679 2290 808 2349 dolorem
826 2301 927 2367 potest,

137 2387 248 2444 videtur
260 2403 343 2461 posse
356 2385 442 2444 etiam
456 2387 606 2462 deponere.

175 2483 223 2540 57.
250 2480 359 2540 Nescio
372 2492 466 2540 tomen
481 2501 516 2540 nn
538 2482 630 2558 hujus,
645 2483 682 2540 de
701 2501 758 2558 quo
777 2483 927 2559 loquimur,

138 2578 250 2638 decoris
270 2579 399 2636 custodia
418 2579 541 2636 maxime
561 2579 640 2636 circa
659 2598 718 2651 eoo,
738 2591 841 2639 contra
859 2597 929 2656 quos
969 2596 970 2603 ¹

139 2676 270 2746 dicimus,
293 2675 482 2732 examinanda
508 2675 553 2732 rit
593 2673 670 2732 Nom
696 2675 760 2734 sine
785 2676 874 2734 dubio
898 2674 927 2731 in

139 2771 271 2830 omnibus
286 2771 379 2828 statim
395 2770 625 2828 accurationibus
638 2770 695 2828 hoo
715 2773 858 2848 egendum
876 2780 927 2845 ert,

140 2866 226 2926 need
246 2885 294 2924 eas
313 2865 433 2924 libenter
454 2865 635 2924 descendisse
654 2867 808 2924 videamur.
849 2867 929 2924 Ideo·

140 2981 196 3039 que
225 2961 295 3022 mihi
321 2961 392 3020 illud
418 2960 512 3019 Cassii
537 2961 638 3019 Severi
664 2980 723 3022 non
747 2965 929 3026 mediocriter
