1984 3342
140 197 198 258 ΙΝ
360 204 396 252 M.
412 203 482 252 FAB·
502 201 710 259 QUssss'ssdAM

137 449 256 524 Apollas
276 450 480 521 Callimachus,
495 468 581 524 quem
600 461 717 507 secutus
736 448 844 507 Cicero
864 448 939 506 hanc

137 545 242 604 samam
262 546 347 604 latius
362 545 443 604 fudit.
486 548 532 604 15.
554 547 679 621 Scopam
698 544 826 605 nobilem
846 545 937 601 Thes·

137 641 227 700 salum
247 643 365 717 periisse
385 643 416 700 in
435 661 471 702 co
498 641 629 700 convivio
655 651 776 712 constat,
805 640 937 717 adjicitur

983 342 985 354 i

137 355 253 414 nisaeus
278 353 440 430 Eurypylus
458 353 655 422 tradideram
683 351 939 424 sacrament
983 362 984 413 Ξ

137 738 242 796 sororis
262 739 352 796 iilius:
379 748 481 816 putant
500 749 530 796 et
549 748 627 796 ortos
646 737 798 813 plerosque
818 738 855 794 ab
884 738 939 796 alio
984 744 985 787 t

137 836 242 912 Scopa,
267 837 315 912 qui
341 838 431 913 major
457 846 541 895 aetate
560 836 653 895 fuerit
695 837 742 894 16.
760 835 937 912 Quanquam

137 931 208 988 mihi
235 943 325 992 totum
352 933 388 992 de
415 932 591 1008 Tyndaridis
618 932 778 991 fsbrdosum
806 932 935 990 videtur:
985 976 986 999 y

137 1045 230 1102 neque
253 1030 372 1088 omnino
391 1029 475 1106 hujus
495 1029 538 1087 rei
557 1029 688 1086 meminit
707 1047 828 1103 usquam
847 1033 935 1104 potita

137 1123 207 1199 ipse,
221 1126 350 1202 profecto
363 1145 421 1184 non
434 1126 575 1183 taciturus
587 1125 624 1182 de
640 1136 719 1182 tanta
731 1143 784 1182 sua
796 1125 899 1201 gloria

180 1221 225 1280 17.
252 1222 300 1281 Ex
315 1223 370 1280 hoc
391 1221 549 1280 Simonidis
569 1221 645 1278 facto
663 1231 793 1304 notatum
813 1221 935 1288 videtur,

139 1315 231 1392 jurari
252 1320 417 1378 memoriam
437 1317 556 1395 signatis
582 1318 677 1377 animo
703 1318 829 1389 sedibus,
850 1319 936 1394 idque
986 1328 987 1399 y

137 1414 255 1472 credero
274 1435 328 1473 suo
347 1415 467 1490 quisque
487 1414 691 1490 experimento.
730 1413 807 1472 Nam
822 1433 893 1472 cum
906 1416 934 1472 io

137 1509 201 1568 loca
215 1511 309 1585 aliqua
327 1522 392 1587 post
411 1522 524 1587 tempus
543 1511 649 1570 reversi
668 1529 776 1582 sumus,
790 1530 851 1569 non
872 1513 933 1589 ipsa

138 1606 319 1682 agnoscimus
333 1617 453 1678 tantum,
468 1608 517 1665 sed
532 1608 629 1679 etiam,
644 1626 707 1682 quae
721 1608 752 1665 in
772 1607 816 1664 his
831 1609 931 1668 feceri·

137 1721 210 1772 mus,
224 1703 444 1773 reminiscimur,
457 1721 644 1778 personaeque
656 1705 789 1775 subcunt,
802 1723 934 1763 nonnun-

137 1817 222 1873 quam
243 1799 336 1856 tacitae
357 1817 470 1874 quoque
491 1799 681 1875 cogitationes
693 1801 724 1857 in
744 1811 872 1860 mentem
892 1821 935 1860 re·
987 1772 988 1811 i

136 1906 290 1953 vertuntur.
332 1894 410 1952 Nata
423 1905 466 1952 est
480 1895 576 1972 igitur,
588 1907 619 1954 ut
631 1898 661 1954 in
675 1897 826 1973 plerisque,
842 1917 888 1956 ars
899 1900 933 1956 ab

137 1992 338 2067 experimento.
382 1992 427 2050 18.
449 1991 529 2050 Loca
555 1992 670 2050 discunt
696 2011 782 2068 quam
808 1994 933 2052 maxime

135 2090 269 2164 spatiose,
293 2088 382 2146 multa
408 2089 544 2148 varietate
568 2089 689 2166 signata,
715 2090 833 2146 domum
860 2091 932 2149 sorte

135 2205 277 2263 magnam,
292 2185 365 2243 etin
378 2186 482 2244 multos
497 2186 642 2244 diductam
662 2203 800 2244 recessus
841 2186 877 2244 In
897 2205 933 2246 ea

135 2283 272 2358 quidquid
292 2283 418 2342 notabile
438 2293 490 2355 est,
507 2283 602 2342 animo
621 2282 773 2358 diligenter
795 2283 929 2360 affigitur,

135 2391 167 2437 ut
187 2379 249 2436 sine
269 2380 453 2439 cunctatione
474 2399 509 2438 nc
528 2398 609 2438 mora
626 2389 722 2454 partes
740 2378 802 2454 ejus
828 2399 930 2440 omnes

135 2473 271 2551 cogitatio
283 2476 372 2551 possit
384 2495 560 2553 percurrere.
600 2475 638 2534 Et
651 2475 760 2550 primus
779 2475 828 2533 hic
847 2477 928 2536 labor

134 2581 187 2644 est,
207 2591 265 2630 non
286 2573 393 2632 haerere
413 2573 442 2634 in
470 2591 602 2630 occursu.
643 2571 712 2629 Pius
737 2571 815 2630 enim
841 2592 927 2649 quam

133 2670 215 2728 firma
227 2670 311 2728 debat
330 2689 392 2728 esse
412 2669 635 2744 memoriaque
656 2669 740 2726 aliam
760 2670 929 2730 memoriam

135 2769 254 2845 adjuret.
298 2769 342 2826 19.
363 2769 443 2826 Tum
471 2786 535 2842 qum
561 2752 736 2842 scripserunt
753 2767 797 2824 rei
818 2769 929 2846 cogita·

133 2866 211 2924 tione
231 2864 468 2941 complectuntur,
483 2871 512 2920 ct
532 2862 627 2937 aliquo
646 2862 739 2938 signo,
753 2880 811 2936 quo
830 2882 931 2922 mone·

155 2973 227 3034 saur,
240 2971 355 3022 notant:
376 2958 454 3036 qnod
466 2976 531 3020 esse
542 2959 587 3020 vd
600 2977 637 3019 ar
648 2975 681 3018 rc
697 2967 760 3019 tota
776 2967 883 3034 potest,
897 2970 931 3020 nt
