1984 3342
231 255 314 304 utsr.
332 255 469 304 omnus.
488 255 550 304 un
569 257 612 304 xi
632 258 652 304 ι.
799 245 841 306 87

45 405 199 478 latissimis
223 406 298 466 locis
315 406 529 481 'sentomiisqne
554 406 720 466 dicentem?
771 403 840 465 Non

44 501 166 578 perdent
179 503 242 560 luno
255 503 351 561 omnia
364 503 558 578 necessarium
570 502 744 579 periclitanti
763 501 839 562 solli·

45 598 184 656 citudinis
197 599 332 671 colorem,
346 599 556 675 petendumque
575 599 663 658 etism
681 599 841 657 innocenti-

44 696 100 753 bus
132 695 335 754 misericordie
362 696 521 754 auxiliuml
572 695 621 753 50.
654 695 842 754 Commovea-

44 801 131 849 turne
149 791 299 868 quisquam
318 791 379 868 ejus
399 791 523 864 fortune,
536 809 621 867 quem
640 790 791 862 tumidum,
806 809 841 850 tc

43 886 89 944 sui
100 887 265 963 jaetantem,
273 897 303 944 et
313 888 493 948 ambitiosum
505 887 662 946 institorem
672 886 842 962 eloquentia

43 983 73 1040 in
96 983 212 1060 ancipiti
233 994 308 1042 sorte
321 983 432 1042 viderit
472 983 542 1042 Non
556 984 644 1042 immo
656 982 749 1040 oderit
760 1001 843 1042 reum

42 1079 131 1136 rerba
145 1090 342 1154 aucupantem,
357 1090 386 1138 et
400 1080 515 1138 anxium
536 1079 572 1137 de
585 1080 662 1136 sorno
680 1079 799 1155 ingenii,
812 1089 843 1138 et

44 1175 95 1232 cui
107 1193 172 1232 esse
186 1174 293 1233 diserto
312 1177 412 1234 vsoetl
451 1177 500 1234 51.
520 1174 612 1238 Quod
630 1173 702 1232 mire
722 1173 764 1232 M.
776 1174 843 1232 Con·

42 1271 101 1328 lius
127 1271 158 1330 in
185 1270 351 1334 defensione
377 1289 482 1344 osusae,
502 1289 560 1346 qus
585 1289 653 1329 reus
671 1269 709 1328 de
727 1269 757 1327 vi
776 1269 840 1343 fuit,

42 1367 294 1442 comprehendisse
320 1367 430 1426 ridetur
457 1366 538 1438 milri,
561 1365 608 1425 Ne
634 1365 682 1423 rui
707 1373 840 1439 oestrum,

41 1471 130 1540 mque
142 1464 227 1522 etiarn
239 1465 368 1537 omnium,
383 1464 433 1541 qui
446 1463 487 1522 nd
497 1482 554 1521 rent
567 1461 707 1538 agendum
727 1470 839 1540 assunt,

41 1579 117 1618 meus
139 1567 192 1616 ortt
211 1561 306 1618 oultm
326 1561 475 1632 molestior,
490 1567 542 1618 aut
561 1577 612 1618 nor
631 1558 841 1617 immoderatior

41 1657 156 1733 aliqua,
170 1665 222 1714 out
241 1656 367 1734 dmique,
382 1656 458 1734 quod
474 1657 591 1714 nimium
610 1663 663 1728 est,
673 1655 841 1732 joctmttior

39 1761 140 1828 gestos
153 1752 250 1828 fnisse
264 1753 403 1812 videntur.
443 1753 491 1811 52.
513 1753 605 1829 Atqui
624 1763 691 1812 sunt
709 1753 840 1828 quiedam

43 1850 173 1908 actiones
200 1850 232 1908 in
248 1850 452 1923 satisfactione,
473 1849 684 1927 deprecatione,
705 1850 841 1908 consessi-

42 1965 98 2004 one
111 1946 226 2022 posite:
248 1947 463 2006 sententiolisne
483 1946 610 2004 flendum
628 1947 703 2004 eritl
725 1946 841 2023 epipho·

41 2053 158 2100 nemete
172 2052 220 2100 aut
233 2043 442 2118 enthymemata
461 2043 637 2102 exorabuntl
676 2041 746 2099 Non
758 2042 840 2117 quid·

41 2139 112 2212 qnid
138 2139 226 2196 meris
253 2139 400 2215 adjicietur
428 2138 586 2210 effectibus,
613 2155 713 2195 omnes
738 2155 838 2195 eorum

40 2233 133 2302 diluet
153 2234 237 2306 vires,
258 2245 287 2294 et
306 2234 517 2295 miserationem
538 2233 691 2292 securitate
709 2231 836 2290 ltxnbitl

39 2330 89 2388 53.
111 2331 188 2408 Age,
209 2331 233 2388 si
253 2331 290 2388 (le
309 2342 400 2389 morte
420 2330 472 2388 filii
499 2330 554 2402 sui,
574 2329 618 2386 vel
640 2328 753 2406 injuria,
773 2347 837 2405 quor

39 2437 135 2484 morte
155 2427 193 2484 sit
212 2428 334 2504 gravior,
355 2427 509 2486 dicendum
528 2426 603 2502 petri
622 2425 717 2496 suerit,
739 2435 787 2484 sut
807 2425 838 2484 in

38 2523 185 2581 narrando
198 2524 319 2600 gratiam
339 2523 415 2581 illam
436 2522 630 2598 expositionis,
644 2541 708 2597 que
727 2522 839 2580 eontin-

38 2629 91 2696 get
124 2637 160 2676 ex
186 2637 317 2688 sermone
342 2637 415 2695 puto
443 2629 528 2694 atque
554 2618 692 2690 dilucido,
719 2628 836 2694 queret,

38 2716 163 2774 breviter
191 2735 226 2774 ac
251 2716 444 2792 significanter
465 2715 594 2774 ordinem
614 2715 656 2774 rei
683 2715 836 2791 protulisse

38 2822 203 2878 contentus,
226 2823 274 2870 out
294 2821 460 2889 arguments
479 2812 646 2884 diducettin
672 2811 787 2887 digitos,
807 2823 837 2869 et

37 2908 265 2985 propositionum
294 2927 327 2966 no
352 2909 537 2984 partitionum
556 2907 681 2982 captabit
699 2907 836 2981 leporem,

36 3014 80 3079 et,
96 3015 128 3064 ut
139 3006 307 3084 plerumque
320 3005 349 3064 in
364 3005 419 3064 hoo
432 3021 538 3082 genere
551 3004 637 3060 moris
656 3010 708 3074 est,
722 2996 836 3056 intenti·
