1984 3342
267 571 311 626 M.
335 571 466 628 FABII
496 571 810 634 QUINTILIANI

514 729 550 764 nt

161 851 455 922 ORATORIA
491 855 904 922 INSTITUTIONE
969 876 970 881 ¹

359 1057 466 1107 LIBER
485 1053 710 1107 minuemus,

439 1283 630 1294 0—-1-

174 1454 197 1513 I.
225 1455 358 1524 Panum,
386 1453 461 1510 sicut
487 1451 632 1527 superiore
659 1450 733 1508 libro
759 1451 929 1521 continetur,
969 1450 970 1499 l

137 1551 270 1608 facultate
290 1547 444 1618 scribendi,
468 1549 681 1624 cogitandique,
702 1557 731 1605 et
750 1565 787 1604 ex
806 1557 930 1623 ternpore

136 1646 231 1715 etiam,
247 1663 312 1700 cum
327 1663 372 1700 res
384 1644 487 1719 poscit,
502 1645 618 1715 orandi3
639 1645 769 1721 proxima
788 1655 832 1702 est
853 1663 929 1715 curu,

136 1748 168 1795 ut
181 1737 305 1794 dieamus
319 1746 402 1812 apte:
424 1755 509 1812 quam
524 1737 658 1796 virtutem
671 1748 801 1814 quartam
815 1737 931 1795 elocuti·

136 1833 200 1890 onis
214 1833 317 1890 Cicero
332 1833 515 1900 demonstrat,
531 1853 650 1911 quaeque
669 1845 713 1892 est
732 1853 797 1891 meo
818 1835 931 1908 quidem
969 1900 970 1905 ἵ

138 1929 248 2006 judicio
276 1929 398 1986 maxime
425 1931 594 1987 necessaria
642 1931 670 1988 2.
699 1929 777 1987 Nam
803 1949 872 1988 curn
898 1930 932 1987 sit
969 1912 970 1985 l

136 2036 251 2082 ornatus
265 2025 401 2082 orationis
415 2025 510 2082 varius
520 2036 549 2082 et
559 2025 716 2101 multiplex,
725 2027 932 2100 conveniatque

137 2121 208 2179 alius
222 2122 286 2179 alii:
307 2121 363 2178 nisi
384 2121 469 2177 fuerit
489 2121 722 2178 accommodatus
742 2123 829 2179 rebus
849 2132 932 2196 atque

135 2219 273 2294 personis,
287 2235 345 2273 non
360 2216 445 2272 modo
459 2235 517 2274 non
532 2217 682 2274 illustrabit
695 2235 769 2289 eam,
784 2218 834 2275 sed
848 2217 932 2276 etiam

136 2315 271 2384 destruet,
298 2324 326 2370 et
352 2313 409 2370 vim
442 2333 536 2372 rerum
570 2315 600 2372 in
633 2316 809 2372 contrarium
835 2325 930 2372 vertet.

135 2411 218 2474 Quid
232 2411 307 2467 enirn
321 2411 443 2485 prodest,
459 2431 521 2470 esse
534 2413 618 2470 verba
638 2424 667 2470 et
686 2413 784 2484 latina,
798 2423 828 2470 et
848 2411 933 2489 signi·

137 2505 261 2575 litantia,
275 2515 303 2562 et
316 2505 416 2577 nitida,
428 2506 527 2582 figuris
541 2507 626 2565 etiam
641 2509 825 2582 numerisque
839 2508 932 2564 elabo-
969 2552 970 2575 q

137 2611 207 2671 rata,
222 2600 276 2657 nisi
300 2619 365 2657 cum
390 2601 435 2672 iis,
451 2601 480 2658 in
495 2622 557 2676 quae
579 2603 706 2678 judicem
721 2603 789 2660 duci
804 2602 932 2661 formari·
969 2590 970 2637 ¹

137 2715 192 2771 que
206 2697 345 2767 volumus,
366 2697 566 2755 consentiant?
605 2699 632 2756 3.
654 2699 678 2756 si
699 2718 790 2776 genus
810 2701 932 2758 sublime
969 2640 971 2791 i

137 2793 252 2852 dicendi
283 2793 376 2868 parvis
409 2794 439 2850 in
473 2794 577 2865 causin,
603 2813 720 2868 parvum
746 2796 933 2873 limatumque

173 2889 300 2960 tndibuS,
327 2889 423 2946 laetum
449 2889 588 2960 tristibusr,
608 2889 673 2946 lene
700 2891 816 2966 asperis,
837 2893 933 2949 minax
969 2872 971 2882 i

193 2985 321 3062 plicibus,
348 2984 532 3043 summissum
564 2985 724 3056 concitatis,
750 2996 816 3052 trux
851 2999 935 3064 atque
