1984 3342
141 239 201 304 m
362 247 398 295 M.
419 247 488 294 ΓΑΒ.
508 244 715 304 commatri
741 244 745 250 ’

141 397 194 460 Est
213 395 321 472 aliquid
341 396 372 454 in
392 396 498 454 amictu
509 416 517 466 ;
544 395 621 471 quod
645 395 739 471 ipsum
759 393 942 470 uliqcttenns
985 408 987 415 ’

141 503 300 569 temporum
314 490 480 550 conditione
493 500 634 548 mutatum
648 499 699 547 est.
740 488 769 546 N
773 507 821 546 am
839 489 942 547 reteri·

140 590 194 649 bus
213 589 284 646 nulli
305 588 402 646 sinus:
428 605 565 663 perquam
588 587 693 644 >breves
711 595 777 662 post
794 585 863 642 illos
882 586 941 643 fue·

140 696 216 746 runt
258 686 324 744 138.
344 684 445 760 Itaque
458 683 546 742 etiam
566 694 649 761 gestu
668 701 788 742 necesse
807 693 853 740 est
873 701 941 740 usos

140 801 203 842 esse
229 783 260 840 in
286 781 437 858 principiis
464 799 516 838 eos
542 780 609 852 alio,
629 797 751 855 quorum
778 779 938 850 brachium,

140 877 215 936 sicut
241 878 418 948 Graecorum,
446 886 525 934 veste
550 876 759 933 continebatur.
801 875 862 932 Sed
887 893 940 932 nos

141 974 177 1033 ce
195 975 384 1051 presentibus
402 973 554 1048 loquimur.
595 972 652 1030 cnr
666 971 717 1029 ras
731 971 805 1029 <ravi
818 971 868 1047 jus
881 989 939 1028 non
985 952 987 961 ’

141 1070 205 1142 erit,
220 1071 259 1130 ita
279 1071 420 1148 cingatur,
442 1080 474 1128 ut
494 1068 601 1127 tunicae
620 1069 765 1144 prioribus
784 1069 846 1126 oris
865 1068 940 1126 infra
985 1054 986 1063 ἵ

140 1185 234 1246 genua
253 1167 379 1244 paulum,
399 1166 606 1243 posterioribus
631 1166 668 1222 ad
687 1164 798 1222 medios
817 1164 940 1241 poplites
985 1152 986 1165 ¹

141 1282 230 1340 usque
262 1264 435 1340 perveniant.
489 1261 567 1320 Nam
600 1262 675 1320 iufra
705 1261 861 1319 mulierum
887 1272 938 1333 eat,

142 1379 227 1438 supra
240 1361 449 1420 centurionum.
493 1360 558 1417 139.
579 1359 619 1416 Ut
637 1377 771 1434 purpurae
791 1369 873 1416 recte
893 1359 939 1416 de-

141 1457 289 1528 scendant,
304 1457 374 1514 levis
387 1475 456 1514 cura
476 1466 528 1514 est.
568 1455 694 1513 Notatur
715 1454 830 1513 interim
851 1455 940 1533 negli-
985 1490 986 1493 =

142 1555 247 1632 gentis.
287 1554 390 1612 Latum
405 1555 571 1614 habentium
585 1554 698 1611 clavum
718 1553 821 1610 modus
841 1563 896 1626 est,
910 1564 940 1612 ut

142 1650 180 1708 sit
204 1648 321 1725 paulum
354 1650 457 1707 cinctis
490 1650 676 1708 summissior.
716 1649 814 1726 Ipsam
842 1661 938 1728 togam

143 1744 294 1801 rotundam
320 1761 392 1815 csse,
419 1755 448 1802 ct
475 1756 539 1820 apte
565 1766 669 1804 caesam
696 1747 815 1804 velim
845 1747 939 1806 Aliter

143 1839 220 1896 enim
233 1838 330 1895 multis
344 1840 437 1897 modis
449 1841 498 1898 fiet
511 1843 645 1902 enormis.
685 1843 756 1902 Pars
776 1844 841 1920 ejus
862 1845 939 1920 prior

145 1935 247 1994 mediis
279 1936 411 1992 cruribus
444 1938 551 2012 optime
584 1941 763 2013 terminatur,
797 1943 938 2019 posterior

144 2032 244 2092 cadem
256 2032 387 2108 portione
402 2032 485 2100 altius
505 2053 562 2108 qua
581 2037 720 2096 cinctura.
763 2039 829 2097 lto.
852 2039 939 2097 Sinus
985 2050 986 2069 ³

144 2128 372 2200 decentissimus,
393 2129 416 2186 si
445 2130 590 2205 aliquanto
615 2153 702 2210 supra
727 2134 815 2192 imam
841 2146 937 2213 togam

145 2227 240 2298 fuerit,
254 2244 399 2301 nunquam
414 2237 491 2283 certe
511 2227 549 2284 sit
569 2229 694 2287 inferior.
736 2231 798 2302 lllc,
813 2232 865 2307 qui
885 2233 939 2290 sub

145 2323 263 2382 humero
276 2322 377 2380 dextro
390 2323 426 2380 cd
439 2323 584 2381 sinistrum
598 2327 712 2402 oblique
725 2328 852 2400 ducitur,
864 2330 940 2388 velut

145 2419 265 2490 balteus,
286 2437 343 2476 nec
369 2420 540 2498 strangulet·
557 2441 613 2479 nec
639 2424 716 2482 fluat
739 2424 829 2483 .Pars
854 2436 939 2504 togae,

145 2532 208 2589 qum
233 2525 332 2588 postea
352 2515 517 2592 imponitur,
538 2519 576 2575 sit
595 2518 730 2578 inferior:
757 2540 826 2578 narn
846 2521 889 2581 ita
914 2533 942 2580 et

146 2610 224 2671 sedet
238 2612 356 2686 melius,
377 2624 406 2671 ct
426 2614 597 2673 continetur.
639 2616 835 2674 subducenda
853 2619 942 2676 etiarn

144 2725 210 2785 pars
231 2709 325 2784 aliqua
345 2711 460 2777 tunicae.
475 2729 514 2768 nc
534 2712 570 2768 ad
582 2712 722 2771 lacertum
735 2714 766 2771 in
780 2725 852 2772 actu·
862 2716 944 2774 redc-

147 2814 191 2868 at:
219 2813 279 2862 tum
305 2806 384 2864 sinus
404 2807 577 2882 injiciendus
596 2808 726 2882 humero,
746 2810 831 2886 cujus
850 2822 944 2870 extre·

146 2919 223 2962 mam
235 2919 314 2960 oram
333 2901 467 2977 rejecisse
487 2920 545 2960 non
565 2903 694 2963 dedecet
737 2907 803 2965 141.
824 2907 945 2985 Operiri

146 3007 241 3060 autern
262 2997 413 3078 humerum
440 3015 507 3058 cum
527 3008 594 3060 toto
616 2999 719 3078 jugulo
739 3019 798 3062 non
818 3015 945 3082 oportet,
