1984 3342
161 221 219 289 m
350 225 734 286 demolumentum

160 379 234 448 lenis
253 379 388 442 conveni
406 379 617 458 pronunciatio.
656 376 744 436 Nihil
760 375 841 436 enini
859 385 908 436 est
924 373 953 434 ad

160 477 373 538 conciliandum
406 481 515 554 gratius
546 475 738 536 verecundiae
776 493 837 532 non
863 484 953 532 umen
982 488 983 555 f

161 591 280 650 semper.
320 573 425 650 Neque
451 573 529 632 enirn
555 591 615 632 nno
641 573 728 630 modo
752 571 893 629 dicuntur
914 587 955 628 ex·

161 669 252 742 ordia,
267 679 299 728 ut
312 669 406 730 docui
447 669 621 744 Plerumque
633 680 730 726 tamen
743 677 774 726 et
785 686 842 726 vox
853 676 956 744 tempa-

160 778 232 840 rata,
246 776 275 826 et
287 776 385 845 gestus
398 766 554 838 modestus,
568 776 599 824 et
617 765 720 824 sedena
739 764 860 822 humero
881 774 953 842 toga,

161 873 191 922 ct
215 863 335 922 laterum
360 863 434 922 lenis
461 863 492 922 in
525 872 676 937 utramque
706 871 819 938 partem
852 871 952 930 motus,

121 949 123 956 ¹
161 959 263 1022 eodem
274 960 470 1036 spectantibus
483 959 586 1031 oculis,
600 958 722 1017 decebit
765 959 831 1017 162.
851 957 954 1016 Narra·

161 1056 203 1116 tio
216 1056 307 1136 magis
319 1057 458 1134 prolatam
473 1074 599 1127 manum,
614 1055 751 1114 amictum
770 1054 953 1126 recidentem,

161 1164 273 1232 gestum
287 1153 464 1225 distinctum,
478 1170 580 1210 rocem
599 1152 725 1210 sermoni
744 1151 916 1228 proximam,
929 1159 954 1206 at

161 1260 273 1314 tantum
294 1249 441 1321 acriorem,
463 1267 565 1306 sonum
585 1247 746 1324 simplicem
766 1247 955 1322 frequentissi-

162 1366 209 1406 me
221 1346 385 1424 postulabit,
399 1345 429 1404 in
444 1345 489 1404 hia
501 1345 649 1415 duntaxat,
663 1344 702 1412 Q.
716 1345 789 1403 enim
801 1345 953 1420 Ligarius,

162 1463 223 1504 nrm
249 1451 319 1504 esset
338 1444 370 1500 in
389 1441 500 1520 Africa
518 1441 600 1499 nullu
619 1441 685 1499 belli
704 1442 838 1518 suspicio,
858 1451 899 1514 et,
918 1441 954 1500 A.

164 1541 311 1600 &aanor
344 1539 475 1600 Habitus
507 1547 597 1616 puter
627 1537 750 1614 ltp'usoe.
803 1538 897 1617 Aliud
927 1539 955 1596 in

162 1637 262 1696 eadam
275 1646 395 1713 poscent
409 1637 537 1709 affectus,
551 1635 595 1694 vel
609 1635 758 1708 concitati,
771 1635 868 1694 Nubit
877 1655 956 1713 gear·

161 1753 195 1790 ro
207 1751 321 1798 socrum
342 1733 385 1790 vel
400 1733 519 1812 flebiles,
536 1733 730 1792 Oonstituitur
748 1734 780 1790 in
790 1732 865 1810 foro
883 1735 956 1792 Lor-

162 1829 247 1890 dicem
260 1829 450 1906 spectaculum
463 1829 593 1887 arabum
605 1839 633 1889 et
651 1831 783 1890 aciemn
801 1832 859 1888 toti
877 1833 956 1890 Asin

163 1925 329 2006 provincio.
386 1925 450 1982 163.
481 1923 611 1984 Maxime
636 1927 715 1985 varia
748 1937 777 1985 et
810 1927 956 2004 multiplex

164 2023 241 2087 actio
254 2034 297 2082 est
307 2021 517 2100 probationum.
557 2022 588 2080 N
590 2041 637 2081 arn
649 2039 680 2082 et
691 2041 862 2100 proponere,
875 2024 958 2102 parti-

162 2121 198 2194 ri,
213 2121 398 2198 interrogare,
413 2120 539 2178 sermoni
558 2131 626 2178 sunt
645 2120 783 2196 proxima,
798 2131 828 2180 et
848 2131 958 2180 contra·

163 2218 319 2278 dictionem
332 2234 452 2276 sumere.
493 2215 572 2275 Nam
584 2235 620 2274 ea
633 2236 745 2292 quoque
765 2217 878 2277 diversa
895 2238 958 2295 pro·

161 2314 267 2390 positio
276 2323 327 2372 est
362 2312 418 2370 Sed
433 2313 509 2371 hanc
521 2323 618 2370 umen
631 2312 784 2388 aliquando
797 2314 956 2386 irridentes,

164 2409 316 2484 aliquando
336 2409 480 2469 imitantes
502 2409 735 2485 pronunciamus.
778 2411 844 2468 164
866 2413 958 2488 Argu-

163 2506 300 2567 mentatio
313 2507 480 2584 plerumque
495 2506 606 2584 agilior,
619 2516 649 2564 ct
663 2507 767 2578 acrior,
780 2517 811 2564 et
831 2508 959 2566 instanti·

163 2619 207 2674 or,
221 2605 447 2664 consentientem
462 2602 585 2662 orationi
598 2603 722 2679 postulat
735 2603 823 2661 etiam
835 2616 957 2681 gestum,

163 2699 193 2760 id
206 2710 258 2772 est,
270 2701 371 2760 sortem
384 2701 567 2760 celeritatem
606 2699 775 2758 irratandurn
788 2702 959 2776 quibusdam

163 2796 343 2872 inpartibus,
357 2811 387 2856 et
400 2797 546 2856 densanda
558 2796 657 2854 oratio.
699 2797 888 2874 Egresaiones
902 2798 959 2856 lere

164 2903 193 2954 et
212 2893 301 2966 lenes,
315 2905 344 2952 et
364 2893 471 2963 dulces,
485 2901 515 2950 et
537 2891 672 2964 remisse,
685 2902 787 2969 raptus
807 2893 961 2973 Proserpi·

163 2987 728 3074 na,otrtttqdumprto,at.1’mpat
739 2990 814 3051 luo.
854 2992 963 3071 Neque

631 3243 662 3303 N
