1984 3342
143 245 200 306 tte
372 255 408 302 rr.
427 253 496 302 rna.
516 252 723 311 nummum

142 412 180 475 at,
201 401 295 462 sinum
315 404 474 464 conveniet.
517 404 583 463 145.
604 401 692 462 Laeva
711 421 728 461 a
747 401 883 461 lancibus
903 413 936 460 ar
981 381 983 403 Ι

141 517 252 559 summo
265 510 379 577 pectore
393 500 535 559 abducere
547 502 624 560 licet
665 500 779 558 Ardent
787 500 867 558 enim
879 500 937 576 jam

142 597 246 656 onania.
287 597 325 656 Et
345 608 376 655 ut
395 617 450 656 vox
469 598 664 656 vehementior
686 597 833 674 aumagis
860 597 938 655 uaria

142 702 194 764 est,
214 693 257 752 sic
277 695 398 752 amictus
418 713 530 770 quoque
557 695 643 753 habet
670 703 766 751 actum
792 693 937 768 quendam

141 790 218 849 velut
242 791 428 866 praeliantem.
472 792 537 849 146.
558 790 658 866 Itaque
678 801 710 848 ut
729 791 830 848 lavam
849 790 938 848 invol·

142 903 207 944 rere
226 896 293 963 toga
313 897 341 944 et
362 887 471 965 incingi
491 906 573 968 paene
594 887 733 945 furiosum
752 896 814 944 est:
841 886 937 944 sinum
981 872 983 927 l

83 1034 85 1038 .
141 1001 209 1042 rero
222 983 251 1042 in
265 982 394 1042 dextrum
415 984 565 1042 humerum
587 985 623 1042 ab
643 984 703 1040 irno
723 983 844 1059 rejicere
864 983 938 1040 solu·
981 1020 982 1029 a

142 1089 203 1139 tunr
225 1099 259 1138 ac
280 1081 442 1153 delicatum,
456 1081 585 1156 fiuntque
604 1080 697 1138 adhuc
716 1081 799 1156 pejus
822 1079 936 1155 aliqua:

142 1175 183 1238 ita
196 1197 246 1236 cur
260 1177 396 1236 laxiorem
409 1178 505 1236 sinum
518 1177 633 1235 sinistro
648 1177 766 1234 brachio
779 1195 840 1234 non
853 1176 938 1253 subji·

143 1274 274 1334 ciamusl
314 1275 410 1333 Habet
423 1275 499 1333 enim
514 1293 580 1332 acre
594 1273 729 1348 quiddam
750 1284 837 1348 atque
855 1292 938 1349 expe·
981 1284 982 1325 r

143 1371 243 1444 ditum,
271 1382 299 1431 et
326 1372 414 1430 calori
441 1370 685 1445 concitationique
709 1389 768 1427 non
802 1368 936 1428 inhabile

145 1468 210 1526 147.
225 1467 300 1526 Cum
309 1487 375 1526 vero
388 1487 491 1545 magna
504 1485 570 1542 pars
582 1476 625 1523 est
639 1467 777 1524 exhausta
790 1465 937 1537 orationis,

143 1565 242 1638 utique
275 1565 387 1622 afflante
421 1566 544 1635 fortuna,
577 1581 660 1638 pane
691 1563 789 1620 omnia
822 1563 929 1622 decent
981 1552 982 1573 ¹

143 1660 229 1718 sudor
243 1659 303 1735 ipse
316 1669 345 1717 et
358 1661 495 1738 fatigatio,
510 1670 539 1718 et
551 1659 742 1736 negligentior
763 1659 898 1731 amictus,
912 1670 939 1716 et
981 1642 982 1669 ¹

144 1756 235 1816 soluta
249 1773 283 1813 ac
302 1756 379 1815 velut
398 1756 496 1814 labens
516 1756 643 1831 undique
662 1766 737 1832 toga.
781 1756 847 1814 148.
867 1755 940 1818 Quo

143 1851 234 1928 magis
260 1851 346 1908 miror
379 1852 454 1909 hanc
487 1869 601 1927 quoque
633 1852 811 1910 succurrisse
843 1851 939 1912 Plinio

144 1963 251 2018 curam,
265 1957 297 2002 ut
311 1945 351 2004 ita
363 1945 477 2002 sudario
498 1945 620 2004 frontem
641 1946 745 2004 siccari
761 1946 888 2023 juberet,
902 1964 939 2006 ne
981 1994 982 1999 ,

144 2060 234 2102 oomae
260 2044 450 2115 turbarentur,
470 2061 541 2118 quas
563 2043 697 2118 componi
717 2054 781 2119 post
808 2044 938 2120 paulum,

143 2139 228 2198 sicuti
255 2139 373 2216 dignum
399 2149 469 2212 erat,
496 2140 620 2218 graviter
645 2149 675 2198 et
707 2157 806 2197 severe
838 2139 938 2198 uetuit

143 2235 218 2295 Mihi
232 2255 298 2296 vero
318 2236 374 2294 illae
394 2255 507 2312 quoque
526 2238 646 2294 turbata
664 2255 724 2312 prae
744 2253 775 2294 se
796 2237 872 2294 serre
891 2236 940 2294 ali·

143 2333 210 2408 quid
226 2333 351 2404 affectus,
366 2343 395 2392 et
414 2333 476 2410 ipsa
496 2334 639 2392 oblivione
659 2351 737 2391 curae
756 2333 843 2409 hujus
862 2351 941 2391 com·
981 2340 982 2405 l

143 2428 271 2486 mendari
291 2430 428 2488 videntur.
473 2431 537 2488 149.
559 2431 600 2489 At
619 2431 644 2487 si
664 2430 872 2505 incipientibus
892 2439 940 2488 aut
981 2408 982 2499 l

141 2525 258 2601 paulum
284 2527 440 2604 progressis
467 2527 583 2584 decidat
608 2537 685 2603 toga,
705 2545 765 2583 non
799 2544 941 2602 reponere

143 2639 216 2694 earn,
230 2641 343 2697 prorsus
362 2623 544 2700 negligentis,
559 2634 607 2681 aut
626 2623 711 2700 pigri,
726 2633 775 2681 aut
794 2623 942 2698 quomodo

144 2718 245 2776 debeat
259 2719 368 2777 amiciri
383 2719 539 2777 nescientis
552 2730 603 2777 est.

183 2813 256 2872 Haec
288 2824 354 2872 sunt
379 2814 423 2872 vel
451 2814 656 2872 illustramenta
681 2815 942 2892 pronunciationis,

143 2910 187 2968 uel
201 2911 284 2970 vitia:
306 2909 408 2987 quibus
420 2909 583 2986 propositis,
597 2911 687 2968 multa
706 2911 835 2989 cogitare
854 2913 943 2972 debet

144 3015 246 3068 orator.
