1984 3342
215 272 298 326 mer.
317 271 454 324 omme.
473 271 535 320 me.
554 273 598 321 rr
616 236 642 318 s
767 265 825 332 rto

32 445 140 504 semper
154 423 291 502 eiusdem,
306 422 349 482 eio
364 422 393 484 in
413 421 530 483 intimos
547 421 676 500 penetret
697 423 823 497 effoetus,

34 536 63 584 ot
75 525 166 602 ipsnm
180 523 237 580 vim
248 520 363 584 dioendi
373 538 579 596 nonnunquam
590 539 723 598 superero
731 520 826 581 ridere

33 631 83 682 tur.
125 619 235 679 Contra
248 618 272 678 si
286 627 382 695 gestus
397 635 431 676 ro
450 617 545 674 vultur
565 617 601 675 rb
620 616 750 676 oratione
769 615 826 678 die·

32 717 164 788 sentient,
185 715 276 774 tristia
301 714 430 773 dinamus
450 714 564 786 hilares,
585 714 757 777 affirmemus
774 712 824 774 sii·

32 833 87 890 qne
99 821 272 874 renuentes:
293 829 351 868 non
373 811 529 870 auotoritas
549 811 635 871 modo
654 811 758 885 verbis,
773 810 824 870 red

32 910 117 970 etiem
130 908 200 970 fides
214 907 293 966 desit.
335 906 430 964 Dooor
450 925 564 982 quoque
585 918 696 985 egestu
710 918 795 984 etque
808 927 826 967 ι

34 1015 111 1064 motu
138 1003 223 1062 venit.
264 1004 311 1062 68.
332 1003 459 1079 Ideoque
485 1004 695 1062 Demosthenes
714 1004 824 1082 grande

31 1101 174 1178 quoddam
189 1101 303 1160 intuens
315 1100 473 1176 speculum,
488 1117 661 1176 oomponere
681 1100 824 1164 notionem

31 1198 149 1262 solabor.
190 1196 284 1269 Adeo,
299 1195 426 1270 quamvis
440 1196 532 1273 fulgor
547 1195 595 1254 ille
608 1195 737 1256 sinistros
756 1196 826 1257 imn-

30 1295 112 1372 ginee
132 1293 240 1365 reddet,
260 1291 319 1353 suis
339 1292 453 1353 demum
480 1291 572 1356 oeulis
598 1291 729 1364 eredidit,
748 1291 825 1368 quod

31 1391 165 1454 effioeret.
204 1389 384 1466 Preoipuunr
411 1407 478 1446 vero
505 1388 535 1449 in
556 1387 679 1457 notione,
699 1387 775 1452 siout
794 1387 826 1449 io

32 1505 152 1563 torpore
171 1485 243 1563 ipso,
263 1495 349 1563 osput
375 1497 427 1558 est,
449 1503 516 1550 oum
544 1486 580 1544 sd
599 1484 690 1553 ilium,
710 1485 747 1544 de
767 1503 825 1561 quo

31 1583 101 1651 dixi.
129 1583 272 1654 deportem,
299 1592 360 1646 tum
394 1581 480 1643 etiem
515 1581 551 1643 ed
576 1581 824 1660 signifiostionem.

30 1680 78 1740 69.
101 1679 223 1742 Doooris
250 1679 299 1742 illo
324 1688 399 1751 sunt,
420 1689 452 1744 ut
478 1679 516 1738 sit
540 1679 633 1756 primo
652 1689 774 1751 rentum,
795 1687 825 1744 et

29 1776 191 1842 seeundum
211 1785 350 1838 naturam.
391 1775 467 1834 Nom
489 1787 519 1836 et
537 1776 650 1858 dejeoto
671 1776 825 1850 humilitas,

28 1883 59 1936 et
74 1873 177 1949 supino
190 1873 360 1950 arrogantia,
371 1883 400 1932 et
413 1872 443 1932 in
457 1873 532 1934 lotus
545 1873 683 1934 inclinato
694 1873 825 1952 languor.

29 1980 60 2030 et
80 1969 211 2046 praeduro
231 1988 265 2030 ao
285 1969 396 2047 rigente
416 1969 548 2031 barberio
566 1969 696 2044 quedem
722 1970 827 2031 mentis

26 2064 199 2129 ostenditur.
239 2065 319 2130 Tum
335 2065 457 2142 nooipiot
477 2074 558 2141 aptos
577 2083 613 2126 ex
632 2065 694 2144 ipsa
713 2066 827 2130 notione

28 2172 137 2235 motos,
158 2173 189 2222 ut
210 2181 275 2223 oum
296 2173 378 2239 gestu
399 2162 563 2233 oonoordet,
585 2171 614 2220 et
639 2159 827 2222 manibusue

27 2259 168 2324 luteribus
181 2260 360 2336 obsequetur.
402 2258 449 2322 70.
470 2258 613 2334 Aspeotus
625 2256 703 2317 enim
716 2275 827 2333 semper

25 2356 134 2417 eodem
160 2357 288 2429 vertitur,
315 2375 372 2432 quo
398 2367 504 2433 gestus,
531 2354 658 2430 exeeptis
682 2373 746 2430 que
779 2363 828 2417 eut

26 2453 178 2524 damone,
193 2462 312 2512 autnon
326 2453 495 2524 concedere,
511 2462 559 2516 snt
573 2470 589 2510 s
601 2451 684 2510 nobis
703 2439 828 2512 remove-

25 2569 59 2608 re
74 2550 234 2626 oportebit:
255 2561 287 2611 nt
301 2550 376 2610 idern
398 2550 468 2610 illud
488 2550 567 2608 vultu
587 2549 731 2610 videamur
752 2567 829 2610 nrer·

25 2647 97 2720 emi,
113 2663 201 2707 mmo
214 2647 368 2723 repellere:

90 2807 107 2835 ‘⁴
116 2836 219 2858 .....
237 2803 279 2851 Ι)ἰί
291 2803 364 2852 telem
376 2803 477 2852 evertite
489 2808 591 2868 pestem.

118 2917 221 2933 .....
238 2881 313 2932 Hand
324 2883 438 2946 equidem
448 2883 491 2932 toli
502 2899 542 2932 me
553 2884 640 2948 dignor
650 2881 769 2932 honore.”

24 3028 79 3094 71.
101 3026 256 3106 signifieat
268 3043 335 3092 vero
348 3025 477 3101 plurimis
491 3025 591 3090 modis.
631 3023 709 3088 Nem
726 3032 828 3099 pretor
