1984 3342
241 249 324 298 nisu.
343 250 480 298 onrnon
501 250 563 298 nm.
582 251 615 298 x.
634 251 655 296 r.
771 209 777 217 ⁹
803 220 847 302 '13

50 399 225 460 noscendam
238 401 331 460 litium
347 400 534 477 questionem
547 411 628 460 reete
647 399 844 476 requirentur:

50 508 81 555 ut
114 507 215 556 eontra
248 497 399 555 Ciceronis
433 498 587 569 orationes,
614 497 781 555 Tuberonis
815 497 845 556 in

49 594 208 671 Ligarium,
222 604 252 651 et
270 593 419 652 Hortensii
438 612 490 670 pro
509 594 608 652 Verre.
648 593 845 664 Quinetiam,

49 691 164 750 easdem
180 709 280 748 oeneus
294 701 326 748 ut
347 690 467 766 quisque
487 691 588 768 egerit,
603 691 673 748 utile
691 691 744 748 erit
762 691 845 748 seire.

47 787 127 846 Nem
151 787 187 846 de
210 787 296 846 domo
316 788 466 846 Ciceronis
485 788 557 845 dixit
576 787 723 846 Calidius:
750 800 780 846 et
794 807 847 863 pro

48 884 161 942 Milone
186 885 344 943 orationem
371 885 477 943 Brutus
510 885 733 943 exercitationis·
754 885 847 961 gretie

46 981 173 1056 scripsit,
200 981 312 1040 etiamsi
338 981 431 1058 egisse
458 1000 525 1039 eum
558 982 710 1040 Cornelius
743 981 847 1040 Celsus

47 1077 119 1136 falso
133 1078 283 1136 existimet.
323 1078 371 1136 24.
393 1077 432 1136 Et
444 1078 538 1136 Pollio
557 1089 587 1136 et
606 1078 733 1136 Messala
751 1078 847 1136 defen·

46 1174 153 1232 derunt
178 1175 305 1246 eosdem,
333 1185 362 1234 et
388 1175 472 1233 nobis
505 1175 601 1251 pueris
634 1176 762 1252 insignes
792 1193 847 1250 pro

46 1271 198 1330 Voluseno
220 1271 334 1344 Catulo,
355 1271 477 1330 Domitii
498 1272 573 1342 Afri,
592 1271 688 1346 Crispi
705 1270 845 1343 Passieni,

45 1368 163 1430 Decimi
191 1368 274 1428 Leni
300 1368 445 1428 orationes
473 1368 643 1426 serebantur.
685 1366 790 1442 Neque
815 1367 846 1426 id

45 1468 144 1526 statim
162 1466 271 1544 legenti
290 1483 457 1542 persuasum
477 1465 525 1536 sit,
545 1464 652 1536 omniu,
665 1483 728 1540 quae
748 1463 846 1541 magni

46 1574 180 1622 uuotoees
200 1563 333 1634 dixerint,
347 1563 447 1638 utique
468 1580 531 1620 esse
548 1561 683 1638 perfectu
723 1560 801 1618 Nem
816 1571 847 1620 et

43 1661 181 1719 labuntur
197 1660 358 1735 aliquando,
373 1670 403 1718 et
415 1659 498 1718 oneri
516 1659 633 1731 nedum,
647 1669 676 1716 et
696 1658 847 1736 indulgent

44 1756 230 1834 ingeniorum
256 1774 372 1814 suorum
399 1755 554 1832 voluptati:
584 1773 640 1812 neo
666 1773 777 1830 semper
804 1755 847 1812 in·

43 1852 170 1913 tendunt
192 1852 332 1910 animum:
360 1870 567 1926 nonnunquam
587 1852 757 1928 futignntur:
779 1870 846 1909 cum

42 1947 184 2006 Cioeroni
199 1949 352 2006 dormitare
366 1947 481 2006 interim
491 1948 711 2018 Demosthenes,
723 1947 847 2006 Horatio

41 2061 114 2102 vero
132 2043 220 2101 etiam
241 2043 386 2100 Homerus
404 2043 466 2118 ipse
486 2043 623 2100 videatur.
663 2043 711 2099 25.
733 2042 846 2100 Summi

41 2141 125 2198 enirn
143 2150 220 2212 sunt,
239 2139 370 2198 homines
388 2149 501 2197 tumen:
530 2139 692 2212 eooiditque
710 2138 764 2208 his,
785 2138 845 2212 qui,

40 2237 187 2312 quidquid
216 2236 290 2312 apud
317 2236 381 2294 illos
407 2236 575 2312 reperietur,
602 2234 718 2292 dicendi
751 2234 846 2310 legem
896 2269 908 2278 -

40 2344 159 2410 putant,
172 2343 205 2390 ut
218 2333 359 2392 deteriore
372 2332 529 2403 imitentur,
545 2332 588 2407 (id
603 2332 679 2389 enim
694 2342 738 2388 est
758 2330 847 2389 senili·

40 2433 91 2510 us)
110 2449 147 2488 eo
160 2448 192 2488 ee
214 2429 326 2488 abunde
346 2429 453 2488 similes
472 2439 583 2505 putent,
598 2428 623 2486 si
642 2428 712 2487 vitia
731 2447 848 2506 magno·

41 2545 110 2584 rum
125 2538 345 2601 oonsequentur.

81 2624 135 2683 26.
163 2622 294 2683 Modeste
306 2634 403 2682 tamen
417 2632 445 2680 et
459 2623 670 2699 circumspecto
686 2622 797 2699 judieio
810 2622 848 2682 de

39 2722 138 2782 tentis
150 2721 219 2780 viris
231 2721 480 2798 pronunciandum
489 2731 543 2794 est,
553 2741 601 2790 ne,
613 2722 689 2797 quod
703 2722 847 2798 plerisque

41 2818 168 2890 uoeidit,
195 2819 331 2878 damnent
357 2837 420 2893 quae
446 2837 505 2876 non
533 2818 706 2896 intelligunt.
747 2819 794 2875 Ao
820 2817 845 2874 si

39 2935 171 2980 neeesse
196 2926 240 2976 est
266 2915 297 2974 in
325 2916 443 2976 alterum
475 2934 571 2974 errare
602 2926 723 2992 partem,
749 2912 847 2970 omnia

286 3013 307 3072 2
