1984 3342
149 194 190 256 ⁴2
374 201 409 250 M.
429 201 498 248 ΕΑΒ.
518 200 724 258 cummim

151 351 181 412 in
202 350 362 426 exemplum
383 351 563 423 assumimus,
583 352 682 410 subest
701 362 813 424 natura,
835 362 867 410 et
886 370 949 410 vera

151 447 207 506 vis:
229 457 329 504 contra
342 447 435 504 omnis
449 448 571 504 imitatio
584 447 651 504 licta
664 459 717 516 est,
731 458 761 505 et
775 448 811 505 ad
826 449 948 508 alienum

150 546 326 622 propositum
347 547 588 604 accommodatur.
632 547 676 604 12.
696 546 770 607 Quo
788 547 831 618 fit,
846 558 880 606 ut
900 549 947 604 mi·

151 663 205 704 nus
225 645 372 722 sanguinis
393 664 427 704 ac
448 645 550 702 virium
571 645 795 702 declamationes
816 646 948 713 babeant,

151 759 235 814 qrtam
250 740 412 797 orationes:
434 741 502 814 quia
515 740 544 796 in
559 739 616 796 dlis
629 758 707 810 vera,
721 739 750 796 in
765 739 810 796 bis
832 737 948 798 assimu-

151 835 208 894 lata
227 836 345 894 materia
366 846 415 893 est.
458 836 543 893 Adde
564 836 640 910 quod
657 855 702 907 ea,
716 855 780 910 quae
794 836 824 894 iu
837 847 948 894 oratore

151 933 274 1002 maxima
294 942 370 1002 sunt,
386 931 537 990 imitabilia
555 951 614 990 non
634 943 711 1003 sunt,
734 932 896 1010 ingenium,
910 935 948 992 in·

152 1029 257 1100 ventio,
272 1029 323 1100 vis,
336 1029 466 1100 facilitas,
478 1040 508 1088 et
521 1029 659 1104 quidquid
674 1040 736 1087 arte
747 1049 805 1086 non
819 1031 947 1088 traditur.

152 1126 197 1184 13.
219 1125 289 1184 Ideo
306 1126 444 1202 plerique,
459 1145 526 1182 cum
547 1126 633 1182 rerba
651 1145 688 1183 ex
707 1127 885 1184 orationibus
905 1147 949 1184 ex·

151 1234 326 1298 carpserunt,
339 1233 387 1280 aut
398 1222 508 1298 aliquos
520 1222 738 1297 compositionis
748 1233 843 1280 certos
851 1224 948 1298 pedes,

150 1321 222 1381 mire
236 1341 252 1378 a
265 1341 305 1392 se,
320 1340 382 1396 quae
396 1320 537 1397 legerunt,
552 1319 649 1394 effingi
670 1318 859 1376 arbitrantur:
882 1339 948 1378 oum

150 1429 178 1476 et
192 1418 277 1475 verba
291 1416 463 1474 intercidant
476 1415 708 1488 invalescantque
719 1416 906 1491 temporibus,
916 1426 946 1474 ut

150 1532 271 1588 quorum
298 1512 458 1569 certissima
484 1511 522 1568 sit
548 1511 650 1586 regula
675 1511 705 1567 in
726 1513 947 1585 consuetudine,

149 1627 239 1682 eaque
260 1627 317 1664 non
338 1627 390 1664 sua
409 1617 511 1664 natura
530 1607 587 1663 sint
608 1607 683 1664 bona
703 1618 751 1665 aut
770 1609 862 1667 mala:
883 1629 948 1669 nam

148 1721 199 1780 per
220 1722 251 1760 se
271 1703 334 1760 soni
361 1713 471 1758 tantum
496 1712 578 1759 sunt:
605 1704 655 1760 sed
681 1714 765 1778 prout
791 1717 949 1780 opportune

148 1799 320 1876 proprieque
331 1809 379 1856 aut
390 1817 474 1855 secus
485 1798 626 1856 collocata
638 1808 721 1870 sunt;
736 1809 766 1856 ct
774 1803 948 1877 compositio

150 1915 216 1952 curn
241 1897 325 1953 rebus
347 1896 563 1952 accommodata
581 1895 627 1968 sit,
648 1906 709 1954 tum
730 1897 792 1973 ipsa
812 1900 949 1958 varietate

149 1992 318 2068 gratissima.

191 2089 235 2147 14.
262 2090 447 2166 Quapropter
461 2088 643 2146 exactissimo
653 2088 765 2165 judicio
780 2089 860 2148 circa
873 2091 949 2150 hanc
985 2128 986 2159 ,

148 2201 258 2266 partem
272 2189 432 2248 studiorum
445 2187 635 2246 examinanda
654 2197 721 2243 sunt
741 2189 846 2246 omnia.
888 2189 948 2246 Pri·
985 2162 987 2235 l

149 2306 237 2358 mum,
264 2306 335 2362 quos
361 2286 524 2344 imitemur:
558 2302 625 2342 nam
651 2293 718 2340 sunt
744 2285 871 2360 plurimi,
898 2286 949 2361 qui
985 2266 986 2361 l

149 2383 364 2441 similitudinem
387 2381 504 2458 pessimi
531 2381 669 2457 cujusque
689 2390 718 2436 et
737 2382 947 2456 corruptissimi

149 2479 365 2552 concupierunt.
407 2478 486 2535 Tum
514 2477 545 2535 in
573 2477 650 2552 ipsis,
671 2496 743 2552 quos
764 2477 947 2555 elegerimus,

148 2574 217 2649 quid
241 2575 287 2645 sit,
310 2575 345 2630 ad
365 2575 440 2649 quod
462 2591 515 2630 nos
535 2573 716 2630 efficiendum
738 2593 945 2650 comparemus.
985 2560 986 2629 ἶ

150 2673 194 2730 15.
217 2670 293 2728 Nam
308 2671 337 2726 in
359 2669 469 2746 magnis
489 2687 603 2744 quoque
625 2671 792 2728 auctoribus
812 2671 946 2730 incidunt

150 2767 244 2842 aliqua
257 2767 368 2836 vitiosa,
383 2776 412 2823 et
428 2785 443 2823 a
456 2765 550 2822 doctis
563 2767 637 2822 inter
651 2767 728 2841 ipsos
743 2768 830 2827 etiam
843 2781 947 2827 mutuo
985 2736 987 2831 l

148 2851 332 2940 reprehensa:
371 2872 456 2936 atque
489 2861 599 2918 utinam
625 2871 683 2918 tam
704 2863 780 2920 bona
800 2865 947 2923 imitantes
985 2844 987 2909 l

148 2963 278 3024 dicerent
299 2959 409 3032 melius,
424 2977 510 3036 quam
532 2957 606 3017 mala
624 2956 706 3034 pejus
726 2959 836 3020 dicunt.
879 2961 948 3023 Nec
985 2942 987 2963 ’
