1984 3342
108 196 153 258 61
295 259 307 282 ι
337 203 373 250 Μ.
393 203 463 250 FAB.
483 201 691 258 Qummrsm

115 350 303 412 Hortensium
316 351 443 422 tradidit,
454 371 518 428 que
531 350 737 428 cogitaverant,
750 349 913 409 adverbum
941 330 946 345 ¹

115 449 147 508 iu
161 448 272 525 agendo
286 448 424 508 retulisse.

154 545 183 602 5.
210 544 270 602 Sed
283 544 309 602 si
322 545 394 604 sorte
415 545 518 621 uliquis
537 546 611 604 inter
631 544 787 602 dioeudum
808 543 915 601 effulse-

115 641 154 702 rit
173 643 373 718 extemporalis
393 643 483 715 notor,
497 661 557 701 non
576 643 772 719 superstitiose
786 641 915 718 cogitatis

116 739 232 798 demum
253 749 297 798 est
323 739 530 798 inherendum.
571 739 676 815 Neque
703 739 781 798 enim
808 747 915 796 tantum

118 835 223 894 habeut
236 854 323 908 ουτω,
339 846 370 894 ut
383 855 442 894 nou
455 837 492 894 sit
506 837 618 894 dandus
637 846 667 894 et
686 836 806 893 tortunae
826 835 915 904 loeus,

116 951 184 992 oum
199 951 274 1009 sepe
287 933 374 991 etiam
388 934 560 1010 scriptino,
574 953 638 1010 que
652 933 748 990 subito
760 944 830 990 nata
843 941 915 1001 sunt,

116 1031 288 1090 inserantur.
342 1029 470 1106 Ideoque
497 1040 590 1088 totum
622 1031 679 1088 hoe
706 1027 917 1087 exercitationis

116 1145 209 1206 genus
223 1128 263 1187 ita
276 1127 483 1186 instituendum
496 1137 550 1199 eat,
563 1138 596 1184 ut
609 1136 638 1185 et
651 1126 762 1203 digredi
776 1144 813 1183 ex
833 1143 879 1197 eo,
892 1133 918 1182 et

117 1225 231 1303 regredi
245 1225 274 1284 in
289 1226 317 1284 id
333 1224 577 1301 saoilepossimus.
617 1224 645 1281 6.
666 1221 744 1280 Nam
754 1221 919 1298 utprimum

118 1334 170 1394 est,
185 1323 271 1382 domo
285 1323 384 1382 efferre
396 1333 525 1398 paratam
538 1320 654 1378 dicendi
675 1320 798 1396 copiam,
813 1332 843 1377 et
863 1338 920 1378 oer-

118 1429 195 1478 tam:
217 1421 257 1478 ita
269 1420 393 1478 refutare
407 1418 544 1494 temporis
557 1436 677 1475 munera
690 1417 777 1494 longe
790 1418 921 1476 stultissi-

118 1535 197 1576 mum
211 1525 262 1574 est.
301 1515 405 1577 Quare
419 1515 558 1590 cogitatio
571 1515 601 1572 in
615 1515 672 1572 hoe
689 1526 877 1590 preparetur,
892 1524 921 1572 ut

118 1629 171 1670 noa
192 1611 306 1668 fortune
326 1610 459 1686 desipere
479 1629 538 1668 non
558 1611 657 1687 possit,
672 1611 806 1688 adjuvere
823 1613 920 1689 possit

118 1708 154 1766 Id
168 1717 263 1766 autern
276 1707 325 1765 fiet
344 1707 489 1764 memorie
503 1707 622 1781 viribus,
636 1720 669 1766 ut
689 1708 747 1780 illa,
761 1726 826 1783 quae
847 1728 924 1767 oom-

118 1803 195 1883 plexi
210 1804 306 1862 animo
320 1822 428 1876 sumus,
443 1803 534 1862 fluant
546 1823 658 1877 secura,
669 1825 728 1863 non
742 1805 883 1864 sollicitos
896 1815 924 1864 et

119 1900 315 1976 respicientes,
336 1911 365 1958 et
386 1919 443 1958 una
463 1919 513 1977 spe
533 1921 686 1978 suspensos
706 1902 922 1974 reeordationis,

120 2017 179 2058 non
199 1998 294 2058 sinant
313 1998 480 2074 providere:
509 1999 616 2075 alioqui
635 1999 679 2057 vel
701 2001 924 2076 extemporalem

121 2096 310 2155 temeritatem
326 2096 410 2167 malo,
421 2114 507 2171 quam
522 2096 596 2154 maie
609 2096 802 2153 coherentem
816 2096 925 2174 eogita-

121 2193 238 2252 tionem.
279 2195 306 2251 7.
327 2191 415 2269 Pejus
436 2193 514 2250 enim
534 2193 669 2268 queritur
691 2204 842 2265 retrorsus,
858 2193 925 2269 quia

121 2290 190 2348 dum
212 2291 261 2350 illa
280 2289 486 2360 desideremus,
508 2290 544 2346 ab
565 2289 628 2346 aliis
649 2289 819 2346 avertimur:
840 2300 926 2347 etex

122 2387 260 2444 memoria
290 2385 387 2462 potius
419 2386 584 2461 repetimus,
608 2403 694 2461 quam
727 2404 763 2444 ex
795 2387 924 2444 materis

122 2482 209 2542 Plura
234 2493 300 2541 sunt
321 2494 425 2554 autem,
446 2482 471 2540 si
491 2493 645 2558 utrumque
665 2482 851 2558 quaerendum
872 2494 926 2556 eat,

68 2579 75 2597 “
122 2598 186 2654 quse
200 2578 321 2637 inveniri
333 2588 462 2656 possunt,
477 2597 564 2654 quam
577 2599 640 2656 quae
655 2579 770 2638 inventa
782 2589 858 2639 aunt.

161 2770 228 2829 VII.
257 2771 402 2828 Maximus
422 2789 490 2830 vero
510 2771 670 2830 studiorum
691 2774 801 2831 fruetus
821 2783 875 2846 est,
896 2785 928 2833 et

123 2869 201 2928 velut
212 2866 362 2946 premium
375 2865 521 2944 quoddam
534 2865 741 2946 amplissimum
753 2870 833 2949 longi
846 2869 929 2931 labo·
