1984 3342
142 235 183 296 48
363 239 400 286 lrl.
419 237 489 286 FAB.
508 235 715 294 nummatam

142 392 271 462 verbum,
300 399 425 465 occupet
450 389 557 447 locum.
611 389 639 446 θ.
659 387 737 450 011ae
764 385 880 462 quidem
906 397 937 446 ¹1¹
971 324 979 473 ’,ι

141 485 307 563 diligentius
333 503 516 561 exequamur,
538 485 693 560 repetenda
720 484 825 560 sepius
854 495 937 541 eruut
975 490 978 509 ¹

141 585 313 659 scriptorum
335 583 473 659 proxima.
516 581 593 638 Nam
613 591 715 656 praeter
735 581 775 651 id,
797 581 875 655 quod
896 581 937 637 sic

141 680 244 738 melius
261 679 421 756 junguntur
435 678 578 754 prioribus
598 678 756 753 sequentia,
771 677 850 734 calor
870 696 937 752 quo-

140 793 197 850 que
212 775 259 832 ille
279 775 473 852 cogitationis,
489 775 539 849 qui
553 773 698 831 scribendi
717 791 797 830 mora
816 773 935 844 refrixit,

141 871 244 946 recipit
265 889 300 929 ex
321 871 537 948 integrorum,
558 880 587 927 et
606 870 684 927 velut
704 869 825 945 repetito
844 871 935 946 spatio
977 864 978 867 ’

141 969 229 1026 sumit
250 968 386 1044 impetum
399 989 406 1040 3
427 968 504 1043 quod
526 967 555 1024 in
570 967 727 1024 certamine
740 967 862 1024 saliendi
876 967 935 1024 lieri

141 1065 280 1135 videmus,
296 1075 327 1122 ut
348 1075 483 1124 conatum
504 1064 618 1140 longius
638 1073 745 1138 petant,
759 1073 789 1120 et
809 1062 845 1120 ad
867 1064 934 1120 illud

143 1161 229 1233 aliud,
251 1181 307 1237 quo
328 1161 521 1231 contenditur,
542 1161 665 1234 spatium
687 1178 772 1216 cursu
793 1160 934 1217 serantur:
959 1150 966 1172 '

142 1259 266 1334 utquein
279 1256 737 1336 jaculandobrachiereducimus,
746 1265 783 1325 et,
791 1257 934 1330 expulsuri

142 1357 207 1427 tela,
228 1375 329 1414 nervos
350 1364 426 1412 retro
446 1353 599 1412 tendimus.
640 1354 668 1410 t.
690 1352 809 1410 Interim
829 1364 934 1423 tamen,

142 1453 167 1512 si
192 1453 262 1510 feret
282 1433 375 1522 flatus,
396 1450 490 1506 danda
510 1458 577 1506 sunt
597 1449 668 1520 vela,
683 1449 751 1506 dum
772 1468 825 1507 nos
847 1450 936 1507 indul·
976 1434 979 1488 l

143 1547 241 1624 gentio
255 1546 303 1603 illa
316 1563 374 1602 non
396 1544 482 1601 fallat.
524 1545 631 1602 Omnia
651 1544 727 1602 enirn
748 1555 855 1617 nostra,
871 1547 936 1602 dum

143 1653 309 1710 nascuntur,
342 1640 474 1715 placent:
510 1640 616 1715 alioqui
649 1659 705 1697 nec
737 1629 937 1699 scriberentur

144 1737 203 1796 Sed
224 1736 372 1793 redeamus
394 1735 427 1792 ad
452 1735 605 1812 judicium,
626 1748 656 1794 et
675 1748 861 1795 retractemus
882 1757 939 1794 sus·

144 1845 256 1910 pectam
271 1831 446 1890 facilitatem.
487 1833 516 1890 Θ.
538 1833 589 1890 Sic
603 1834 751 1908 scripsisse
772 1834 938 1891 Sallustium

146 1929 325 2004 accepimus:
347 1938 375 1986 et
386 1947 454 1986 sane
468 1930 636 1987 manifestus
648 1940 692 1987 est
705 1931 791 1987 etiam
806 1949 842 1987 ex
855 1947 939 2006 opere

145 2025 208 2103 ipso
234 2026 321 2084 labor.
363 2025 517 2102 Virgilium
545 2045 659 2101 quoque
684 2027 874 2102 paucissimos
894 2027 939 2083 die

146 2125 340 2200 composuisse
353 2141 460 2192 versus,
477 2133 577 2180 auctor
590 2133 634 2180 est
647 2123 749 2181 Varus.
788 2124 818 2181 9.
839 2123 940 2180 Orato-

145 2221 185 2280 ris
198 2221 312 2297 quidem
329 2219 383 2278 alia
397 2219 525 2276 conditio
538 2229 588 2276 est.
629 2219 730 2295 Itaque
744 2219 819 2278 hanc
833 2237 940 2278 moram

145 2327 175 2376 et
201 2316 424 2376 sollicitudinem
450 2315 541 2373 initiis
561 2317 678 2392 impero.
719 2316 795 2373 Nam
817 2318 940 2392 primum

146 2414 203 2472 hoc
217 2413 459 2483 constituendum,
474 2413 530 2470 hoc
543 2408 729 2471 obtinentium
744 2423 796 2484 est,
810 2424 842 2470 ut
856 2431 940 2489 quam

147 2510 254 2586 optime
268 2510 442 2566 scribemus:
465 2509 640 2566 celeritatem
654 2509 733 2568 dabit
753 2510 940 2568 consuetudo.
977 2518 979 2591 l

977 2594 979 2620 Ι

147 2605 290 2664 Paulatim
310 2623 356 2663 res
376 2603 489 2662 facilius
503 2624 535 2662 se
548 2606 708 2676 ostendent,
722 2606 809 2663 verba
828 2625 943 2684 respon·

148 2702 266 2772 debunt,
278 2700 447 2776 compositio
462 2711 667 2776 prosequetur:
689 2712 795 2760 cuncta
809 2703 941 2778 denique,

148 2807 182 2856 ut
213 2797 244 2855 in
271 2797 379 2855 familia
405 2797 477 2854 bene
505 2797 643 2864 instituta,
671 2798 701 2854 in
728 2799 824 2856 officio
850 2809 941 2856 erunt

151 2893 196 2954 1⁰.
219 2894 338 2950 Summe
351 2891 413 2948 haec
427 2893 533 2949 estrei.
575 2892 643 2950 Cito
656 2893 809 2951 scribendo
822 2913 882 2951 non
902 2894 942 2963 fit,

150 2999 183 3048 ut
207 2989 282 3049 bene
301 2988 460 3047 scribatur:
488 2989 563 3047 bene
588 2988 741 3046 scribendo
760 2988 802 3057 lit,
823 2999 856 3048 ut
876 2989 944 3050 cito.

977 2944 979 2965 l
