1984 3342
231 261 313 312 mss.
332 263 470 312 corson
489 265 551 312 cru.
570 265 655 314 xrs
785 257 842 317 107

42 421 82 470 est
111 411 274 484 oculorum,
302 431 387 488 quom
414 414 524 472 surium
551 433 670 473 sensus:
705 413 735 472 in
760 425 841 490 parte

44 510 140 586 jnvsri
160 521 263 586 potest,
278 512 364 585 quod,
380 529 445 569 oum
466 513 554 570 semel
575 523 624 570 cut
644 513 688 570 bis
708 513 839 586 audierit,

42 609 183 666 continuo
197 609 237 666 illi
252 610 416 668 memoriam
428 629 508 668 suern
517 612 638 687 experiri
649 611 726 684 iicet,
737 624 841 670 etcum

41 705 157 782 legente
172 705 353 764 contendere.
393 707 423 764 N
427 725 471 764 nnn
492 718 522 766 et
542 708 647 784 alioqui
669 709 699 765 id
719 709 841 767 maxime

43 801 209 860 faciendum
222 812 274 873 est,
285 815 315 860 ut
328 821 381 860 nos
394 803 515 861 subinde
528 815 684 862 tentemus:
699 805 766 880 quie
774 824 842 864 cou-

41 897 123 956 tiuun
137 897 235 970 lectio,
249 909 279 956 et
292 919 354 974 quc
367 899 467 976 magis,
482 910 513 958 et
531 919 594 975 que
615 901 710 959 minus
723 902 840 974 herent,

42 993 191 1069 equaliter
211 995 317 1053 transit.
359 995 405 1054 35.
427 995 462 1056 In
490 998 675 1072 experiendo,
695 1009 840 1071 teneasne,

42 1101 71 1148 et
84 1091 176 1167 major
191 1091 311 1149 intentio
325 1102 377 1164 est,
392 1103 421 1150 et
434 1093 505 1151 nihil
519 1094 688 1169 supervacui
701 1095 837 1170 temporis

41 1187 128 1261 perit,
142 1205 199 1261 quc
212 1187 308 1258 etianr,
323 1207 385 1262 quae
406 1199 546 1258 tenemus,
560 1188 650 1264 repeti
671 1188 779 1246 soient:
800 1190 840 1247 its

41 1283 114 1354 sols,
142 1303 206 1358 que
239 1284 416 1354 exciderunt,
449 1293 648 1356 retractentur,
676 1294 708 1340 ut
740 1286 840 1342 crebre

42 1380 194 1438 iteratione
214 1379 379 1438 firmentur:
408 1399 570 1454 quenquam
589 1380 683 1437 solent
701 1379 757 1438 hoc
777 1380 839 1455 ipso

41 1476 167 1534 maxime
181 1477 297 1547 herere,
311 1477 386 1552 quod
400 1475 575 1534 exciderunt.
616 1475 692 1534 Illud
711 1477 840 1534 ediscen-

42 1572 82 1630 do
95 1572 305 1648 scribendoque
319 1591 471 1631 commune
484 1584 537 1645 est,
552 1573 666 1648 utrique
684 1573 839 1649 plurimum

42 1669 176 1726 conserte
202 1669 307 1727 bonnm
334 1669 536 1741 valetudinem,
563 1671 706 1748 digestum
732 1671 839 1742 cibum,

43 1765 171 1822 animum
183 1765 403 1842 cogitationibus
418 1765 480 1824 eliis
492 1766 623 1826 liberum.
663 1768 710 1825 36.
730 1767 840 1825 Vemm

41 1871 71 1918 et
92 1861 124 1918 in
145 1860 189 1932 iis,
204 1880 266 1936 que
287 1862 461 1937 scripsimus,
476 1862 700 1939 complectendis
720 1864 839 1922 multum

41 1960 148 2031 velent,
163 1970 192 2018 et
205 1961 234 2017 in
248 1959 293 2031 iis,
308 1979 370 2035 quic
392 1962 561 2038 cogitemus,
576 1962 758 2020 continendis
777 1981 840 2037 pro·

41 2074 78 2130 pe
99 2056 167 2113 solae
182 2055 325 2132 (excepte,
339 2075 402 2131 quse
421 2057 619 2132 potentissime
637 2069 690 2127 est,
704 2058 840 2114 exercitu·

41 2153 136 2232 tione)
151 2153 254 2210 divisio
267 2163 296 2210 et
310 2154 477 2229 conpositio.
519 2153 595 2209 Nom
609 2154 658 2227 qui
671 2163 750 2210 recte
769 2153 839 2210 divi·

42 2249 121 2320 serit,
144 2267 289 2324 nunquam
308 2249 412 2324 poterit
432 2249 462 2306 in
488 2267 583 2306 rerum
609 2247 710 2306 ordine
735 2266 837 2307 errore.

41 2345 90 2404 37.
112 2345 200 2403 Certo
220 2354 287 2404 sunt
313 2345 391 2404 enim
417 2364 474 2402 nou
501 2345 593 2401 solum
619 2344 649 2401 in
677 2344 839 2421 digerendis

41 2441 258 2516 questionibus,
273 2441 323 2500 sed
345 2441 431 2498 etiem
453 2441 483 2498 in
504 2439 687 2514 exequendis,
708 2441 732 2498 si
753 2441 839 2500 ωοᾶο

42 2546 122 2596 recte
149 2537 282 2608 dicimus,
302 2538 394 2613 prims
421 2556 454 2596 sc
481 2536 617 2608 secunde,
637 2548 666 2594 et
686 2536 838 2615 deinceps:

42 2635 225 2708 cohaerctque
251 2635 345 2692 omnis
370 2651 466 2692 rerum
493 2633 646 2709 copulatio,
667 2644 699 2691 ut
718 2635 746 2692 ei
765 2635 838 2692 nibil

42 2750 137 2806 neque
165 2732 293 2792 subtrahi
314 2731 376 2790 sine
397 2732 548 2790 manifesto
568 2733 725 2803 intellectu,
746 2750 839 2807 neque

43 2829 132 2885 inseri
146 2828 244 2903 possit.
285 2829 332 2886 38.
354 2829 402 2886 An
417 2847 483 2886 vero
497 2829 628 2887 Scaevoia
642 2829 672 2886 in
685 2829 750 2886 lusu
770 2829 839 2885 duo-

43 2923 138 2980 decim
152 2924 332 2999 scriptorum,
347 2942 413 2981 curn
427 2925 504 2999 prior
524 2925 668 2981 calculum
686 2923 839 2999 promovis-

43 3030 96 3092 set,
123 3030 255 3096 essetque
288 3020 389 3091 rictus,
416 3019 484 3078 dum
516 3037 566 3076 rus
591 3019 693 3089 tendit,
718 3017 839 3091 repetito
