1984 3342
243 221 482 272 ramosarum
501 223 565 272 am.
586 223 659 272 aa.
812 215 855 274 ct

43 369 128 430 cuitr
144 371 299 447 multaeque
312 373 422 430 suntab
432 389 468 431 eo
478 372 591 449 scripte
602 373 639 431 ad
647 373 727 432 lruno
735 371 852 431 modam

44 468 210 526 orationes:
232 469 304 528 adeo
317 479 349 528 ut
361 469 449 527 etiam
468 488 536 528 oum
556 469 606 528 illa
625 469 781 545 Hyperidis
799 485 853 546 pro

43 563 163 640 Phryne
177 565 348 624 difficillima
361 563 505 624 Romanis
518 566 677 625 subtilitate
697 566 852 624 contende·

44 671 96 720 ret
139 661 168 720 3.
190 661 229 720 Et
251 661 402 720 manifesta
428 672 471 720 est
497 663 712 722 exercitationis
731 663 851 739 hujusce

44 757 129 816 ratio.
170 757 202 815 N
203 775 249 816 am
258 768 289 816 et
301 777 396 816 rerum
410 759 494 835 copia
507 759 604 818 Greci
617 770 750 818 auctores
762 759 851 818 abun·

45 854 126 926 dant,
133 865 165 914 et
174 854 329 930 plurimum
344 855 412 912 artis
425 855 456 912 in
470 855 663 930 eloquentiam
674 855 849 915 intulerunt:

45 960 75 1010 et
95 950 149 1009 bos
176 951 422 1024 transferentibus,
442 952 538 1010 verbis
563 953 607 1011 uti
625 953 742 1029 optimis
761 953 848 1012 licet:

46 1048 182 1106 omnibus
195 1047 272 1106 enirn
285 1049 392 1107 utimur
405 1049 519 1108 nostris
560 1049 684 1126 Figurae
696 1068 774 1122 vero,
787 1049 850 1125 qui-

47 1143 102 1202 bus
135 1145 258 1204 maxime
291 1155 407 1204 ornatur
434 1145 536 1218 oratio,
562 1145 669 1204 multas
695 1164 730 1204 ae
756 1146 849 1204 varias

46 1242 231 1320 excogitandi
257 1243 345 1302 etiam
364 1242 523 1302 nenessitas
541 1241 673 1317 quedam
692 1251 753 1301 est:
780 1242 850 1318 quia

46 1336 216 1415 plerumque
230 1339 370 1398 stiracis
383 1338 521 1397 Romana
533 1338 715 1396 dissentiunt

84 1435 115 1492 4,
143 1435 203 1494 Sed
216 1445 246 1493 et
259 1435 308 1493 illa
321 1453 357 1494 ex
376 1434 488 1493 Latinis
507 1433 658 1492 convenio
678 1433 800 1492 multum
818 1443 849 1494 et

47 1529 110 1606 ipsa
122 1531 285 1590 contulerit
325 1531 374 1590 Ac
386 1531 423 1590 de
437 1530 613 1590 carminibus
625 1531 741 1607 quidem
759 1529 850 1590 nerui·

48 1639 115 1688 rtem
127 1629 217 1687 credo
230 1627 371 1702 dubitare,
382 1647 440 1704 quo
450 1627 513 1686 solo
521 1647 629 1707 genere
635 1627 849 1688 exercitationis

50 1724 154 1784 dieitur
176 1744 244 1784 usus
270 1743 332 1784 esse
360 1726 515 1801 Sulpicius
556 1725 636 1784 Nam
662 1737 692 1784 et
717 1725 850 1784 sublimis

49 1822 165 1898 spiritus
186 1821 314 1880 attollere
334 1823 492 1880 orationem
511 1833 622 1899 potest:
642 1833 672 1882 et
690 1825 786 1896 verba,
799 1841 850 1900 po·

49 1919 124 1978 etica
137 1919 268 1978 libertate
287 1919 450 1990 audaciora,
471 1938 530 1978 non
547 1928 724 1995 presumunt
745 1920 848 1980 eadem

50 2015 163 2092 proprie
176 2015 292 2074 dicendi
307 2015 478 2074 facultatem.
521 2015 581 2073 Sed
600 2025 630 2073 et
649 2015 718 2091 ipsis
737 2025 849 2076 senten-

51 2111 96 2170 tiis
110 2111 236 2187 adjicere
249 2112 319 2170 licet
332 2112 488 2171 oratorium
502 2113 599 2184 robur,
613 2123 644 2170 et
658 2112 765 2170 omissa
783 2129 849 2187 sap·

50 2207 137 2283 plere,
158 2208 249 2266 effusa
268 2208 470 2285 substringere.
512 2209 541 2266 5.
563 2206 669 2282 Neque
693 2225 750 2284 ego
767 2225 847 2282 para·

51 2304 174 2380 phrasim
194 2323 256 2362 esse
277 2303 539 2380 interpretationem
564 2313 676 2361 tantum
702 2303 776 2375 volo,
797 2303 847 2363 sed

52 2400 128 2458 eirea
142 2401 257 2460 eosdem
268 2419 368 2458 sensus
378 2411 523 2458 certamen
532 2409 617 2475 atque
627 2399 847 2459 aemulationem.

53 2493 178 2574 Ideoque
205 2498 240 2556 ab
261 2497 317 2556 illis
337 2497 484 2568 dissentio,
505 2497 556 2573 qui
575 2508 686 2555 vertere
705 2497 849 2556 orationes

9 2653 10 2656 ,
53 2591 169 2652 Lutiuas
187 2605 293 2667 vetant,
308 2593 385 2671 quia,
398 2594 516 2670 optimis
534 2594 694 2670 occupatis,
709 2594 849 2670 quidquid

54 2689 131 2748 aliter
145 2690 310 2763 dixerimus,
324 2709 442 2749 neeesse
456 2690 493 2748 sit
512 2709 576 2748 esse
596 2690 729 2748 deterius.
770 2689 849 2748 Nam

54 2805 143 2864 neque
156 2809 267 2866 semper
281 2801 324 2848 est
344 2787 562 2866 desperandum,
577 2790 684 2865 aliquid
706 2788 772 2861 illis,
786 2807 849 2864 quis

55 2883 128 2944 dieta
154 2881 355 2960 sunt'melius
382 2905 466 2963 posse
493 2886 630 2961 reperiri:
656 2903 751 2958 neque
777 2884 849 2940 adeo

9 2995 10 3090 ζ
56 2979 180 3060 jejunam
200 3001 237 3042 ac
261 3001 416 3062 pauperem
435 2991 540 3040 nabun
556 2979 749 3054 eloquentiam
769 2976 848 3049 lecit,
