1984 3342
138 203 179 265 40
362 211 398 258 M.
418 209 487 258 FAB.
506 209 714 266 normulam

139 361 248 420 similes
262 371 309 418 eut
324 359 476 418 dissimiles
489 359 574 418 bonis
587 359 686 418 simus.
727 357 861 416 Similem
874 377 939 417 raro

141 471 242 516 natura
255 470 378 532 praestat,
393 459 555 532 frequenter
568 457 700 515 imitatio.
742 456 800 513 Sed
821 456 879 513 hoc
900 456 940 532 ip-

141 573 214 624 sum,
229 554 303 628 quod
317 564 397 612 tanto
411 554 568 612 faciliorem
583 553 668 610 nobis
687 552 828 610 rationem
848 553 940 610 omni·

141 669 189 707 um
199 651 276 722 facit,
286 669 369 725 quam
379 651 432 708 fuit
443 651 488 716 iis,
501 669 550 725 qur
563 650 645 720 nihil,
656 650 732 724 quod
741 660 940 724 sequerentur,

141 747 310 820 habuerunt,
326 747 381 804 nisi
402 758 485 805 caute
499 758 528 804 et
542 767 609 804 cum
626 747 740 823 judicio
753 746 941 822 apprehendi·

126 855 195 916 rtur,
210 855 303 902 nocet.

179 941 206 998 4.
235 941 314 998 Ante
326 941 422 999 omnia
437 941 524 1018 igitur
539 941 662 998 imitatio
674 959 726 1016 per
746 959 777 998 sc
797 940 860 1016 ipsa
881 959 939 998 non

141 1038 255 1109 sufficit,
270 1038 312 1096 vel
327 1039 392 1113 quia
407 1038 481 1115 pigri
495 1048 538 1095 est
553 1038 672 1113 ingenii,
687 1048 857 1095 contentum
877 1055 940 1095 esse

141 1135 185 1206 iis,
196 1153 258 1210 quae
273 1135 330 1192 sint
345 1135 380 1191 ab
394 1135 456 1191 aliis
468 1135 590 1191 inventa.
630 1134 713 1195 Quid
725 1135 803 1192 enirn
812 1135 940 1191 futurum

141 1243 201 1290 crat
214 1232 389 1308 temporibus
403 1232 470 1302 illis,
480 1251 544 1307 quae
557 1231 620 1288 sine
633 1231 765 1306 exemplo
779 1231 905 1302 fuerunt,
915 1230 939 1288 si

140 1328 270 1387 homines
284 1330 354 1386 nihil
368 1329 424 1386 nisi
439 1329 516 1404 quod
533 1328 592 1404 jam
607 1328 818 1404 cognovissent,
833 1329 940 1386 sacien-

141 1426 208 1482 dum
237 1427 291 1483 sibi
321 1439 368 1482 aut
397 1426 584 1502 cogitandum
609 1426 778 1500 putasseutl
824 1423 939 1501 Nempe

139 1524 210 1580 nihil
231 1523 330 1580 luisset
350 1523 505 1579 inventum.
545 1525 573 1579 ὅ.
596 1522 656 1579 Cur
677 1522 764 1598 igitur
791 1522 872 1579 nefas
898 1532 940 1579 est

139 1619 257 1694 reperiri
286 1619 391 1692 aliquid
412 1637 428 1674 a
451 1619 544 1688 nobis,
565 1619 641 1691 quod
661 1629 733 1679 ¹onte
753 1638 812 1676 non
833 1619 939 1677 fueriti

141 1716 189 1772 An
204 1714 244 1771 illi
259 1714 344 1773 rudes
358 1714 418 1771 sola
432 1715 536 1771 mentis
548 1726 651 1773 natura
664 1716 744 1773 ducti
755 1715 862 1773 suntin
874 1717 939 1788 hoc,

141 1822 173 1870 ut
187 1821 245 1870 tem
259 1811 349 1868 multa
362 1823 542 1888 generarent,
557 1832 609 1869 nos
623 1814 658 1870 ed
672 1813 861 1888 quaerendum
882 1833 939 1871 non

140 1925 176 1966 eo
189 1909 250 1983 ipso
271 1908 458 1978 concitemur,
474 1910 550 1984 quod
571 1919 650 1966 certe
669 1909 777 1966 scimus
796 1909 940 1967 invenisse
980 1920 982 2013 ἶ

141 2023 199 2076 eos,
214 2004 263 2080 qui
277 2005 468 2080 quaesieruntl
509 2006 537 2062 6.
559 2005 678 2062 Etcum
693 2005 744 2077 illi,
759 2006 808 2080 qui
829 2006 939 2064 nullum
980 2018 981 2033 ³

141 2101 309 2180 cujusquam
329 2103 371 2160 rei
392 2103 554 2160 habuerunt
575 2102 751 2178 magistrum,
767 2102 891 2178 plurima
911 2104 940 2160 in
980 2106 982 2154 ἰ

139 2212 267 2277 posteros
280 2200 458 2268 tradiderint,
473 2200 557 2257 nobis
570 2218 640 2256 usus
655 2199 773 2257 aliarum
787 2219 885 2257 rerum
907 2201 941 2258 od
980 2158 982 2199 t

140 2301 279 2356 eruendas
294 2299 362 2355 alias
376 2317 433 2354 non
447 2297 582 2373 proderit,
598 2296 648 2353 sed
667 2297 738 2353 nihil
761 2298 940 2369 habebimus,

139 2395 195 2452 nisi
210 2395 340 2452 beneficii
357 2394 461 2450 alienil
483 2393 723 2469 quemadmodum
744 2393 859 2468 quidam
881 2395 941 2470 pic·

140 2502 216 2549 tores
230 2493 259 2548 in
280 2493 309 2548 id
330 2493 423 2548 solum
444 2492 569 2563 student,
591 2502 623 2548 ut
643 2493 806 2549 describere
827 2493 940 2550 tabulas
980 2500 981 2591 p

140 2588 281 2646 mensuris
295 2606 329 2644 ac
343 2589 427 2645 lineis
448 2587 548 2645 sciant.
590 2590 617 2646 7.
639 2589 740 2665 Turpe
760 2589 846 2646 etiarn
868 2589 939 2646 illud

141 2694 193 2754 est,
215 2693 379 2741 contentum
401 2701 463 2740 esse
484 2683 514 2739 id
541 2685 688 2760 consequi,
710 2686 786 2760 quod
807 2686 937 2744 imiteris.
980 2722 982 2793 ι

141 2781 217 2838 Nam
244 2799 342 2836 rursus
369 2780 438 2854 quid
464 2790 525 2836 erat
552 2781 689 2852 futurum,
711 2783 735 2838 si
762 2802 847 2839 nemo
873 2784 939 2858 plus
980 2795 982 2880 ἶ

142 2877 282 2936 effecisset
296 2893 340 2945 eo,
355 2895 439 2950 quem
461 2876 650 2950 sequebaturl
690 2877 772 2935 Nihil
793 2879 824 2935 in
843 2880 938 2954 poetis
980 2884 982 2943 l

142 2993 225 3052 supra
252 2972 370 3031 Livium
396 2971 611 3037 Andronicum
646 2973 718 3031 nihil
746 2974 776 3032 iu
810 2975 939 3034 historiis
980 3016 982 3036 2
