1984 3342
233 235 315 284 lNS'l'.
334 233 472 284 omnen
491 233 555 284 ΠΒ.
573 232 643 282 Μ.
663 271 668 277 .
800 223 842 284 ω

38 397 133 448 entem
146 385 241 464 parari
254 385 399 446 fecultstis
419 384 553 446 existimo
572 403 609 444 ex
628 381 842 460 simplicissimo

37 503 150 561 queque
164 484 290 544 materis
331 484 362 542 N
365 503 410 542 sus
424 483 455 542 in
469 484 519 542 ills
537 481 691 559 multiplici
708 499 842 558 persono·

37 601 108 650 rum,
143 599 303 654 coosnmm,
334 589 495 658 ieiunorum,
526 581 658 648 locorum,
691 579 840 646 dicim

37 678 187 755 factorum
206 678 371 737 diversitate
397 677 482 736 isoile
508 677 660 736 delitescet
679 675 840 748 infirmius,

37 786 78 834 tot
91 795 123 834 se
136 776 264 852 undique
278 777 373 847 rebus,
382 793 418 834 ox
427 775 533 850 quibus
546 775 671 851 aliquem
685 773 842 850 apprehen·

38 873 96 946 das,
111 873 304 932 offerentibus.
349 873 394 932 ll.
415 871 493 930 Illud
506 871 619 930 virtutis
631 870 773 930 indicium
785 879 840 943 est,

39 968 167 1042 sundere,
181 987 244 1045 que
257 979 360 1028 naurs
373 979 525 1028 contrecto
536 979 613 1036 sont,
625 986 730 1045 sugere
742 985 840 1043 puis,

38 1064 203 1124 vnismem
215 1064 368 1137 similibus,
382 1064 556 1141 voluptatem
569 1062 708 1140 expositis
720 1061 799 1134 dese,
811 1071 842 1122 et

39 1161 111 1220 bene
124 1161 222 1220 dicere
238 1162 326 1220 mults
339 1162 376 1220 de
389 1161 501 1238 psuois.

76 1258 110 1318 In
123 1259 181 1318 boo
193 1259 301 1335 optime
314 1259 422 1318 lsoient
441 1257 560 1316 infinite
573 1256 756 1333 questiones,
769 1273 842 1330 qnos

38 1355 133 1414 voosri
146 1355 246 1418 etam
259 1355 394 1428 diximus,
404 1354 510 1431 quibus
517 1353 626 1412 Cicero
635 1353 695 1430 jans
706 1352 842 1428 princeps

39 1452 68 1510 in
81 1471 113 1512 re
127 1451 245 1530 publice
264 1453 392 1513 exerceri
412 1451 531 1511 solebat
573 1451 620 1510 12.
641 1450 699 1508 His
718 1448 841 1508 confinis

40 1559 81 1608 sst
93 1549 251 1608 destructio
264 1560 293 1609 st
306 1549 487 1608 confirmatio
507 1548 721 1608 sententiosum.
762 1545 793 1605 N
795 1565 841 1606 sm

40 1665 103 1704 cuns
117 1647 155 1706 sit
168 1647 311 1706 molentis
328 1645 478 1706 decretum
498 1646 643 1722 quoddam
663 1654 751 1722 etque
769 1663 842 1721 pre·

40 1754 166 1820 neptuim
187 1744 265 1819 quod
285 1743 321 1804 de
341 1763 382 1816 re,
404 1743 479 1803 idem
501 1744 539 1802 de
555 1743 668 1821 judicio
687 1742 730 1801 sei
749 1741 840 1819 quiesi

40 1849 138 1916 potest
178 1841 258 1900 Tum
272 1840 331 1900 loci
344 1857 523 1913 communes,
532 1859 606 1917 quos
618 1841 706 1900 etiem
719 1840 841 1917 scriptos

42 1938 73 1994 sb
85 1937 248 1996 oratoribus
260 1937 376 1996 scimus.
417 1937 494 1997 Nom
516 1939 568 2014 qui
591 1939 654 1996 beo
676 1948 757 1996 teoto
776 1948 840 1996 tsn-

41 2042 108 2106 tum,
122 2045 152 2094 et
165 2034 195 2094 in
209 2035 303 2094 nullos
317 2035 407 2094 flexus
420 2035 587 2094 recedentis
599 2035 717 2110 copiose
737 2045 841 2094 tracto·

41 2131 118 2205 serit,
133 2131 233 2207 utique
248 2133 277 2190 in
291 2132 348 2190 illis
361 2132 457 2209 plures
470 2150 610 2190 excussus
629 2131 839 2206 recipientibus

42 2229 130 2306 negis
144 2229 428 2305 abundantiusque
442 2229 472 2286 in
485 2246 587 2287 omnes
599 2246 701 2286 osuses
713 2238 838 2302 paratus.

43 2325 84 2383 13.
105 2324 218 2384 Omnes
244 2325 321 2384 enim
341 2326 524 2404 generalibus
544 2324 751 2399 questionibus
771 2343 839 2384 oon·
918 2344 921 2347 ·

41 2431 120 2480 mant
173 2421 251 2480 Num
277 2422 346 2498 quid
374 2423 502 2494 interest,
531 2420 679 2480 Cornelios
706 2421 838 2481 tribunus

42 2520 133 2595 plebis
154 2518 231 2596 qnod
248 2519 367 2578 codicem
388 2519 500 2594 legerit,
514 2537 581 2576 reus
600 2517 653 2576 sit:
675 2537 712 2576 sn
731 2538 839 2595 quess-

41 2633 110 2689 mus,
131 2616 293 2676 Vioietorne
306 2616 450 2693 nemesim,
465 2616 491 2673 si
504 2616 694 2692 magistratus
714 2606 839 2692 rogatio·

40 2731 95 2770 nem
108 2733 189 2772 suam
197 2715 303 2790 popolo
316 2715 376 2790 ipse
389 2713 578 2772 recitaverit?
619 2713 694 2772 Milo
709 2712 838 2772 Clodium

40 2820 142 2870 rectene
162 2810 306 2883 occiderit,
327 2811 423 2870 veniet
444 2811 474 2869 in
491 2811 651 2888 judioium3
674 2830 719 2882 sn,
745 2810 839 2886 Opem·

41 2914 129 2966 teatnc
150 2907 345 2966 insidiatorem
366 2907 500 2985 interfici,
515 2907 560 2965 cel
572 2907 763 2983 perniciosum
783 2904 837 2960 rei·

43 3003 164 3079 pultes
191 3004 286 3078 moen,
312 2991 506 3064 etiamsinon
531 3001 707 3060 insidietur?
762 2996 836 3054 Ceto
