1984 3342
245 211 327 260 rusa.
346 211 482 260 oauuoa
502 211 564 260 trs.
581 211 625 259 xt
645 212 666 258 t.
811 202 852 264 98

56 356 99 416 rol
126 358 242 432 iratum,
261 361 306 420 rel
333 362 485 439 impulsum
513 361 549 420 ab
575 361 648 420 aliis.
701 361 748 420 72
782 359 851 420 Hoc

55 454 112 513 illis
139 475 293 516 commune
311 458 469 516 remedium
488 468 540 529 est,
560 458 586 516 si
606 458 717 516 intuta
737 457 849 516 actione

54 550 201 626 aqualiter
229 564 360 629 appareat
386 573 444 612 non
464 554 555 612 honor
574 555 670 624 modo,
690 554 741 612 sed
761 552 848 610 etiam

53 646 175 706 caritas:
202 659 338 725 preterca
364 669 451 708 causa
476 649 514 708 sit
539 650 623 708 uobis
646 650 722 726 justa
748 648 792 706 sic
805 649 848 707 di·

53 744 156 802 cendi:
189 763 282 820 neque
316 747 345 804 id
378 747 523 806 moderate
555 756 666 804 tantum
699 746 846 818 faciamus,

52 841 102 898 sed
114 840 204 899 etiam
216 842 385 900 necessario.
427 843 472 900 73.
494 842 645 902 Diversum
661 843 696 900 ab
715 842 782 914 hoc,
795 843 847 901 sed

52 937 174 1010 facilius,
195 955 262 996 cum
281 938 427 996 hominum
448 949 498 998 aut
517 939 623 1014 alioqui
641 939 777 1014 turpium,
797 948 847 997 aut

52 1032 135 1092 uobis
160 1033 315 1092 invisorum
342 1036 470 1110 quedam
498 1034 574 1092 sacta
598 1034 742 1092 laudanda
769 1044 844 1094 suut.

51 1127 146 1188 Decet
171 1130 248 1188 enim
271 1149 331 1188 rem
351 1130 441 1206 ipsam
460 1132 581 1207 probare
600 1130 631 1188 in
650 1130 845 1206 qualicunque

50 1243 179 1301 pmsona
221 1225 302 1286 Dixit
311 1226 415 1286 Cicero
428 1245 479 1303 pro
492 1225 618 1284 Gabinio
629 1235 660 1283 et
671 1226 703 1284 P.
715 1226 843 1300 Vatinio,

51 1321 255 1380 inimicissimis
283 1334 365 1382 antea
391 1323 446 1382 sibi
472 1321 646 1394 hominibus,
666 1321 745 1380 etin
771 1340 843 1397 quos

50 1419 193 1478 orationes
206 1418 291 1478 etiam
304 1421 471 1496 scripserat:
492 1437 592 1476 rerum
611 1437 699 1476 eausa
715 1417 792 1494 justa
811 1417 844 1478 fit

50 1515 175 1588 frando,
190 1534 247 1574 nou
261 1535 291 1574 se
305 1517 341 1576 de
355 1516 463 1592 ingenii
476 1516 561 1589 sama,
575 1515 627 1573 sed
646 1515 683 1574 de
702 1506 759 1573 lide
779 1533 843 1575 esse

50 1611 212 1672 sollicitum.
266 1615 312 1672 tt.
346 1613 498 1672 Difficilior
524 1612 553 1670 ei
577 1611 651 1670 ratio
677 1610 708 1669 iu
730 1611 842 1688 judicio

50 1707 222 1768 Cluentiano
248 1709 311 1782 fuit,
332 1728 397 1770 cum
424 1709 632 1768 Scamandrum
657 1727 775 1768 necesse
794 1709 843 1769 ha·

50 1802 129 1864 beret
161 1805 258 1864 dicere
289 1816 450 1879 nocentem,
478 1807 560 1883 eujrrs
592 1815 691 1884 egerat
716 1823 841 1868 causatu
952 1831 955 1836 ’

49 1899 157 1959 Verum
170 1902 241 1960 illud
261 1902 478 1981 elegantissime,
492 1921 560 1960 oum
579 1920 688 1973 eorum,
702 1921 721 1960 a
738 1902 842 1977 quibus

49 1998 84 2056 ad
104 2015 136 2056 se
154 1998 309 2074 perductus
328 2009 411 2070 erret,
431 1999 574 2075 precibus,
588 2009 650 2056 tum
669 1997 755 2056 etiam
775 1999 842 2056 ado·

48 2092 186 2152 lescsntia
210 2113 262 2152 sua
287 2104 419 2153 excusat:
448 2094 625 2152 detracturus
651 2092 757 2167 alioqui
776 2094 840 2168 plus

50 2190 235 2262 auctoritatis,
255 2189 290 2262 si,
309 2191 340 2248 in
360 2209 447 2249 causa
471 2189 627 2266 praesertim
646 2199 788 2264 suspecta,
808 2209 840 2249 se

49 2302 114 2344 eum
136 2303 209 2358 esse,
230 2286 279 2362 qui
298 2297 405 2344 temere
430 2295 569 2345 nocentes
586 2303 651 2344 reos
670 2284 837 2362 susciperet,

49 2381 191 2439 fuerant.

86 2479 134 2536 75.
162 2477 250 2554 Apud
267 2477 393 2553 judicem
406 2497 473 2538 vero
486 2478 562 2555 quod
577 2489 625 2536 aut
637 2489 751 2555 propter
772 2479 838 2538 alie-

49 2591 117 2632 num
143 2575 325 2632 commodum
348 2575 378 2632 in
398 2593 493 2646 cansa,
514 2594 600 2650 quam
619 2577 837 2652 susceperimus,

51 2680 97 2728 aut
109 2687 204 2743 suum,
218 2680 250 2728 ut
262 2671 449 2746 persuadendi
465 2672 552 2729 ardua
566 2672 649 2743 ratio,
663 2672 704 2730 ita
722 2674 837 2732 dicendi

50 2766 266 2842 expeditissima.
307 2768 430 2826 Fiducia
441 2767 519 2826 enim
530 2768 646 2844 justitie
659 2769 721 2844 ejus
734 2781 836 2828 nostrae

52 2879 141 2922 cause
167 2863 238 2922 nihil
265 2883 317 2922 nos
336 2865 435 2922 timere
456 2865 658 2922 simulabimus
698 2864 764 2941 Ipse
783 2866 837 2922 erit

52 2957 138 3036 gloria
157 2958 309 3032 inflamus,
323 2969 355 3018 ut
375 2969 455 3018 tanto
475 2959 578 3017 clarior
597 2959 691 3018 sutura
709 2960 747 3016 sit
766 2958 836 3016 fides
