1984 3342
158 245 206 308 tt
381 255 417 302 u.
436 253 507 302 sm.
526 253 733 310 curnrmmnr

159 403 295 462 videntur.
342 403 419 464 Nam
446 415 475 464 et
499 403 606 463 nobilis
631 413 661 462 et
684 403 815 481 juvenis3
841 413 873 463 et
896 422 948 464 nen

160 501 266 577 injusto
278 501 376 560 dolore
389 502 554 560 venerated
568 502 770 560 accusandum.

198 599 257 656 Sed
278 598 308 656 in
328 597 374 656 his
394 598 520 673 quidem,
542 599 572 656 in
592 599 696 674 quibus
716 598 761 656 vel
785 598 888 674 judici,
907 598 946 656 vel

157 693 243 752 etiarn
259 694 414 752 astantibus
423 695 495 752 ratio
506 704 610 754 nostre
622 694 826 751 moderationis
839 694 945 771 probari

157 789 252 862 debet,
266 791 359 848 minor
373 801 416 848 est
429 790 524 848 labor:
546 790 606 847 illie
618 790 683 866 plus
702 791 887 862 difficultatis,
901 790 945 848 ubi

157 885 243 962 ipsos,
265 897 462 962 controquos
489 886 620 959 dicimus,
641 905 770 944 veremur
796 887 942 946 offendere.

155 983 203 1040 69.
225 981 298 1040 Duae
312 983 395 1040 simul
411 982 572 1059 hujusmodi
591 1001 720 1058 personne
740 982 878 1040 Ciceroni
896 1001 943 1059 pro

156 1077 279 1138 Murcus
293 1079 401 1138 dicenti
414 1079 593 1151 obstiterunt,
608 1077 649 1136 M.
665 1079 786 1137 Catonis
798 1080 943 1154 Serviique

155 1177 287 1253 Sulpicii.
327 1175 426 1239 Quam
447 1177 582 1233 decenter
601 1185 696 1233 temen
717 1175 859 1251 Sulpicio,
880 1195 941 1234 cum

155 1291 255 1332 ornnes
282 1274 469 1332 concessisset
495 1272 622 1343 virtutes,
649 1272 800 1329 scientiam
831 1273 942 1348 petendi

155 1371 320 1428 consulatus
335 1369 461 1428 ademit?
500 1367 672 1436 Quidenirn
694 1367 771 1424 uliud
791 1378 876 1440 esset,
889 1387 941 1445 quo

154 1485 184 1524 se
211 1467 318 1536 victum
345 1467 431 1524 horno
451 1466 555 1524 nobilis
575 1474 603 1522 et
625 1465 698 1538 juris
718 1465 941 1542 antistes‘msgis

154 1563 261 1620 ferreti
301 1561 340 1620 Ut
353 1581 421 1620 vero
434 1563 574 1619 rationem
588 1561 761 1618 defensionis
774 1580 834 1618 suae
855 1561 940 1619 reddi·

153 1656 204 1724 dit,
226 1676 291 1714 cum
318 1676 349 1714 se
373 1659 515 1716 studuisse
540 1657 671 1733 petitioni
698 1657 821 1733 Sulpicii
848 1668 942 1715 contre

153 1755 288 1813 honorem
304 1755 606 1827 Murenae,non1dem
626 1757 730 1814 debere
751 1757 860 1814 actioni
879 1775 942 1814 oon·

152 1860 196 1908 tra
210 1863 304 1927 caput,
319 1853 446 1910 dicereti
487 1853 533 1910 70.
553 1853 652 1914 Quam
666 1853 745 1910 molli
766 1864 862 1911 eutem
882 1854 943 1911 arti·

153 1947 219 2003 culo
245 1949 375 2006 tractavit
395 1949 556 2006 Catonem?
582 1949 665 2024 cujus
684 1959 816 2006 naturum
835 1967 942 2007 summe

153 2043 315 2117 admiratus,
342 2063 400 2102 non
427 2044 516 2120 ipsius
541 2045 620 2116 vitio,
641 2046 692 2102 sed
718 2045 824 2103 Stoicae
850 2058 941 2117 secte,

152 2141 320 2216 quibusdem
335 2140 364 2198 in
379 2142 465 2199 rebus
485 2141 588 2198 factam
609 2141 753 2199 duriorem
767 2142 859 2200 rideri
871 2143 942 2200 vole·

151 2237 216 2295 bat:
243 2248 275 2294 ut
301 2237 374 2295 inter
395 2255 443 2294 eos
468 2255 527 2295 non
554 2237 694 2295 sorensem
720 2239 942 2310 contentionem,

151 2334 202 2390 sed
228 2332 383 2390 studiosam
409 2333 628 2410 disputationem
648 2333 779 2391 crederes
798 2335 940 2393 incidisse.

150 2430 198 2487 71.
237 2428 310 2486 Hrec
343 2440 386 2488 est
417 2430 545 2507 proiecto
577 2429 650 2488 ratic
682 2439 720 2502 et,
754 2431 943 2489 certissimum

149 2537 355 2604 preceptorum
369 2547 468 2606 genus,
484 2529 560 2587 illius
573 2529 625 2586 riri
639 2529 807 2596 observatio,
822 2540 865 2601 ut,
879 2549 944 2588 cum

152 2623 256 2698 aliquid
272 2624 419 2684 detrahere
432 2626 509 2684 suive
522 2626 614 2703 gratia
632 2625 711 2698 velis,
726 2626 871 2684 concedes
890 2627 945 2685 niis

151 2720 265 2789 omnia:
286 2721 315 2780 in
330 2723 386 2780 hoe
400 2723 461 2781 solo
481 2722 525 2780 vel
546 2723 641 2780 minus
659 2723 793 2798 peritum,
808 2742 895 2798 quam
915 2725 944 2781 in

151 2817 264 2889 ceteris,
280 2819 398 2894 adjecta,
414 2819 438 2876 si
458 2819 563 2893 poterit
581 2818 652 2889 fieri,
666 2820 753 2876 etium
773 2837 872 2892 censa,
893 2838 944 2878 cur

152 2912 182 2972 id
195 2913 235 2972 ita
247 2912 293 2986 sit,
307 2913 351 2972 rel
371 2913 456 2990 paulo
475 2913 704 2989 pertinaciorem,
718 2914 763 2973 rel
783 2914 944 2988 credulum,
