1984 3342
243 267 325 317 ΠΜ.
343 269 479 316 onsrott.
498 269 561 317 us.
582 269 625 316 xt
643 271 664 316 ³.
792 261 846 319 ΠΙ

54 415 251 476 minoratus
264 417 342 493 ipsis,
356 418 515 476 libertatem
526 417 583 476 sibi
592 417 746 493 eloquendi
766 417 850 476 relin-

54 531 150 588 quere.
200 514 249 572 49.
277 513 353 570 Nem
379 524 410 572 et
435 514 541 572 invitus
559 514 653 590 perdit
671 513 789 589 quisque
808 514 848 586 id,

53 610 281 686 qucdeiegerat,
294 610 430 668 verbum<
450 629 506 668 nec
526 611 611 668 facile
630 611 741 686 reponit
760 611 847 682 eliud,

53 705 124 762 dum
151 705 191 777 id,
212 706 287 780 quod
314 706 474 782 scripserat,
495 706 604 781 querit.
643 707 704 764 Sed
730 725 766 765 ne
792 708 848 764 hoe

54 800 170 875 quidem
192 801 310 860 intirmre
330 802 473 860 memorie
492 802 649 860 remedium
669 813 722 874 est,
742 803 798 862 nisi
817 803 848 861 in

54 895 100 964 iis,
113 896 165 972 qui
183 897 237 954 sibi
261 897 424 956 sseultttem
445 897 567 973 aliquem
587 899 701 956 dicendi
720 918 761 958 ert⁴
779 910 848 958 terrr-

52 1009 124 1068 pore
133 1003 310 1069 paraverunt
349 993 440 1056 Quod
453 995 478 1052 si
491 995 540 1052 eui
554 1005 704 1071 utrumque
716 996 846 1069 defuerit,

54 1089 125 1146 hnic
145 1089 277 1148 omittere
296 1090 414 1148 omnino
433 1100 525 1148 totum
546 1091 689 1149 actionum
710 1093 846 1165 laborem,

51 1185 79 1242 si
105 1185 176 1260 quid
202 1183 233 1243 in
259 1185 360 1244 litteris
387 1186 469 1258 rrlet,
489 1186 527 1243 ed
552 1186 734 1244 scribendum
753 1187 848 1261 potius

50 1280 182 1338 medeba
207 1291 380 1339 consutae.
434 1281 493 1340 Sed
519 1280 582 1338 hec
607 1299 671 1340 rere
696 1281 847 1340 infeliciter

50 1375 118 1433 erit

91 1475 141 1533 50.
162 1474 298 1533 Ceterum
311 1485 448 1552 quantum
467 1486 568 1533 nature
586 1473 737 1549 studioque
755 1475 848 1534 valeat

51 1571 202 1643 memoris,
223 1572 265 1630 vel
293 1571 506 1630 Themistocles
531 1571 621 1643 testis,
648 1589 733 1646 quem
758 1589 847 1630 unum

53 1665 130 1724 intre
144 1686 249 1726 annum
263 1669 369 1744 optime
379 1668 507 1725 locutum
517 1687 580 1726 esse
591 1667 708 1726 Persice
719 1678 845 1726 constet:

51 1763 98 1822 rel
113 1762 305 1836 Mithridates,
320 1765 368 1822 cui
382 1765 453 1822 duas
472 1775 502 1822 et
520 1765 621 1842 viginti
641 1765 764 1842 lingens,
778 1776 847 1840 qtrot

51 1859 220 1918 nationibus
241 1860 405 1936 imperabat,
426 1862 547 1918 traditur
567 1873 649 1920 notes
668 1862 774 1921 fuisse:
801 1861 845 1920 rel

50 1957 177 2014 Crassus
192 1957 239 2015 ilie
252 1957 340 2028 dives,
355 1958 414 2032 qui,
429 1975 496 2016 cum
509 1958 588 2016 Asis
607 1969 750 2033 preesset,
765 1959 846 2034 quin-

51 2071 110 2129 que
122 2053 219 2112 Greci
231 2054 372 2112 sermonis
385 2054 558 2112 differentias
570 2054 614 2110 sic
626 2054 727 2123 tenuit,
739 2065 780 2125 ut,
790 2073 847 2128 qus

51 2149 175 2225 quisque
191 2151 265 2226 apud
285 2168 351 2207 eum
371 2150 470 2226 lingue
489 2142 668 2224 pomulssset,
682 2149 783 2206 eedem
799 2150 846 2224 jus

49 2246 108 2303 sibi
129 2245 272 2304 redditum
291 2247 393 2304 ferret:
421 2245 464 2302 vel
484 2245 587 2319 Cyrus,
607 2261 692 2317 quem
717 2243 845 2302 omnium

51 2341 179 2420 militum,
192 2342 317 2400 tenuisse
331 2341 470 2399 creditum
480 2350 523 2397 est
532 2339 656 2396 nomine
694 2341 742 2397 51.
760 2339 844 2402 Quin

49 2435 141 2494 semel
163 2437 275 2495 auditos
296 2437 451 2512 quamlibet
472 2436 575 2522 muitcs
594 2453 692 2492 versus
716 2435 845 2511 protinus

50 2533 159 2591 dicitur
172 2533 329 2592 reddidisse
342 2533 532 2592 Theodectes.
573 2531 749 2590 Dicebantur
758 2533 844 2590 etiem

51 2647 132 2688 nunc
159 2648 230 2701 esse,
252 2630 301 2704 qui
319 2630 456 2698 fecerent,
477 2630 527 2686 sed
548 2629 618 2686 mihi
637 2648 791 2704 nunquam,
811 2641 843 2688 ut

52 2726 114 2802 ipse
135 2726 310 2798 interessem,
338 2727 476 2802 contigit:
504 2727 636 2784 habenda
659 2737 754 2784 tamen
773 2727 843 2786 fides

49 2833 95 2880 est
107 2823 152 2880 vel
166 2822 196 2880 in
210 2823 275 2895 hoc,
289 2833 330 2894 ut,
343 2823 393 2898 qui
407 2823 569 2894 crediderit,
581 2833 612 2880 et
621 2833 724 2898 speret

90 3015 145 3074 111.
173 3015 383 3076 Prcnuncictis
410 3035 427 3074 a
450 3016 593 3092 plerisque
625 3015 700 3072 actio
724 3013 838 3087 dicitur,
