1984 3342
121 223 123 228 '
139 215 182 279 ω
386 221 422 270 Μ.
441 219 513 268 FAB.
532 217 742 279 eumarum
927 263 929 266 ,
975 3 980 308 i

142 403 194 454 est.
235 391 341 468 Neque
361 409 416 469 ego
436 391 492 449 hoc
513 407 579 467 ago,
592 399 625 447 nt
644 407 680 448 ex
699 397 828 464 tempore
847 385 940 443 dicere

141 489 231 562 malit,
246 489 296 547 sed
310 498 342 546 ut
354 488 452 565 possit.
493 485 528 546 ld
543 497 638 544 cutem
652 486 777 544 maxime
790 483 846 542 hoc
858 482 942 542 modo

142 605 360 662 consequemur.

181 685 209 741 5.
237 681 267 740 N
269 693 316 741 ota
329 683 366 741 sit
377 683 503 761 primum
517 679 634 739 dicendi
648 679 701 738 via.
742 677 848 755 Neque
867 677 940 736 enim

141 779 221 858 prius
241 780 410 857 contingere
431 798 533 837 cursus
551 787 656 855 potest,
677 795 763 851 quam
783 775 940 843 scierimus,

142 893 200 952 quo
214 875 251 934 sit
264 887 291 934 et
306 895 363 952 qua
376 875 608 952 perveniendum.
650 873 716 932 Nec
729 872 799 930 setis
819 883 874 944 est,
887 888 940 928 non

142 973 284 1050 ignorare,
299 992 362 1048 quse
383 983 449 1030 sunt
469 989 622 1030 causarum
639 970 820 1047 judicialium
839 980 940 1046 partes,
978 1046 979 1049 Ἴ

143 1079 192 1128 ant
206 1071 395 1148 questionum
416 1069 546 1128 ordinem
567 1079 646 1126 recte
666 1067 837 1144 disponere:
860 1084 941 1142 quan·

143 1185 229 1243 quam
250 1167 305 1225 ista
324 1165 380 1225 sint
399 1167 563 1243 precipua:
584 1165 635 1222 sed
655 1163 724 1240 quid
744 1181 862 1239 quoque
880 1163 941 1220 loco

142 1265 265 1341 primum
286 1263 324 1323 sit
345 1263 569 1335 sesecundum,
590 1272 620 1319 et
639 1262 792 1337 deinceps:
821 1280 887 1336 qun
907 1259 942 1316 itt

142 1372 210 1420 suut
223 1373 325 1421 nature
338 1361 481 1438 copulata,
496 1369 528 1417 ut
540 1359 645 1416 mutari
660 1368 709 1416 aut
722 1357 864 1416 intervelli
885 1357 941 1414 siue

144 1459 314 1516 confusione
334 1477 392 1515 non
413 1457 531 1532 possint.
572 1456 600 1512 6.
620 1454 764 1529 Quisquis
784 1464 882 1512 autern
901 1453 942 1509 vir
978 1472 979 1527 3

143 1553 232 1625 dicet,
247 1554 366 1611 ducetur
383 1564 448 1610 ante
462 1553 560 1609 omnia
573 1569 667 1609 rerum
689 1551 751 1627 ipsa
768 1551 856 1622 serie,
870 1550 942 1608 velut

144 1649 236 1707 duce:
257 1649 462 1725 propterquod
478 1649 609 1706 homines
624 1649 710 1707 etiam
731 1649 846 1706 modice
868 1667 943 1707 excr-

145 1745 237 1815 citati,
254 1745 389 1803 facillime
403 1757 532 1803 tenorem
547 1747 577 1802 in
591 1746 803 1804 narrationibus
823 1755 943 1804 servant.

145 1841 269 1915 Deinde,
290 1842 359 1918 quid
386 1860 501 1918 quoque
520 1843 587 1900 loco
607 1854 745 1918 quierant,
766 1844 872 1915 scient,
893 1861 945 1902 neo

145 1939 444 2015 circumspectabuut3
479 1957 535 1997 nec
561 1939 747 1998 offerentibus
773 1959 804 1998 se
832 1940 946 1998 aliunde

144 2036 277 2095 sensibus
290 2037 490 2107 turbabuntur,
506 2055 561 2095 neo
575 2037 753 2095 confundent
773 2056 809 2095 ex
829 2037 946 2096 diversis

145 2135 315 2207 orationem,
330 2135 407 2192 velut
420 2134 557 2192 salientes
577 2133 635 2191 huc
656 2133 735 2206 illuc,
751 2153 806 2193 uec
826 2153 946 2211 usquam

146 2233 318 2291 insistentes.
369 2234 397 2289 7.
426 2229 577 2289 Postremo
604 2231 750 2289 habebunt
776 2233 894 2289 modum
922 2241 948 2289 et
977 2268 978 2305 ,

147 2330 243 2398 linem,
265 2329 314 2402 qui
342 2345 406 2386 esse
432 2329 506 2386 citra
532 2328 702 2386 divisionem
728 2329 826 2386 nullus
846 2339 946 2406 potest.
977 2310 978 2355 ἦ

147 2421 276 2501 Expletis
289 2441 341 2500 pro
356 2425 489 2483 facultate
503 2425 646 2495 omnibus,
661 2445 724 2501 quae
737 2428 947 2503 proposuerint,

146 2522 310 2600 pervenisse
324 2539 355 2579 se
370 2521 404 2581 ed
418 2523 550 2580 ultimum
566 2523 697 2580 sentient.

188 2617 227 2675 Et
240 2618 303 2675 luco
317 2617 431 2692 quidem
446 2639 477 2676 er
491 2627 564 2691 arte,
578 2619 629 2676 illa
641 2639 709 2678 vero
729 2639 761 2678 ex
780 2621 900 2679 studio:
920 2631 950 2679 ut

147 2715 262 2791 copiam
283 2715 422 2774 sermonis
442 2716 552 2791 optimi,
566 2717 805 2790 quemadmodum
824 2737 951 2796 praecep·
976 2726 977 2781 ζ

148 2823 209 2870 tum
238 2821 290 2882 est,
313 2831 528 2889 comparemus3
555 2813 646 2870 multo
668 2833 702 2871 ac
722 2814 799 2872 fideli
820 2816 889 2873 stilo
910 2817 950 2874 sic
976 2798 977 2819 ³

149 2909 286 2966 formetur
301 2908 402 2979 oratio,
414 2919 446 2966 ut
459 2907 630 2982 scriptorum
639 2910 774 2981 colorem,
786 2911 874 2969 etiam
889 2932 950 2988 que

147 3001 350 3067 subitoellirsa
362 3015 439 3080 sunt,
453 3004 591 3077 reddant3
612 3013 645 3064 ut
663 3021 731 3064 cum
751 3007 844 3066 malta
864 3011 952 3088 scrip·
976 3040 977 3091 q
