1984 3342
225 279 307 327 ms'r.
326 279 462 327 ossuou.
482 279 543 327 urs.
562 278 593 326 x.
613 283 633 326 1.
784 271 823 330 21

36 425 163 485 credidit.
204 427 391 486 Admirabilis
404 429 434 486 in
455 447 507 486 suo
526 436 633 507 genere
650 428 825 502 slboooritus,

34 522 83 580 sed
92 541 175 580 musa
185 523 234 582 illu
243 525 351 582 rustica
360 535 389 582 et
398 526 548 601 pastoralis
556 544 614 584 nou
625 526 717 582 iorum
729 525 825 597 modo,

35 638 131 678 serum
141 620 232 696 ipam
241 621 329 678 etiam
337 622 435 679 urbem
447 620 619 679 reformidat
652 623 700 680 56.
716 622 826 680 Audire

35 716 130 774 videor
144 715 272 792 undique
293 729 482 794 congerentes
501 718 620 776 uomina
637 718 825 794 plurimorum

33 817 191 887 poetarum.
242 812 348 874 Quidl
394 813 532 872 Herculis
565 823 629 872 acta
660 833 719 872 uon
752 814 826 873 bene

33 907 218 966 Pisandros?
256 909 359 972 Quid?
399 909 580 968 Nicandrum
605 911 709 968 frustra
734 909 825 968 secuti
906 943 917 960 κ

33 1005 135 1063 Moser
162 1017 246 1081 atque
271 1005 435 1082 Virgilius?
474 1006 578 1068 Quint
617 1005 826 1082 Euphorionem

32 1101 236 1160 transibimusl
260 1121 345 1178 quem
358 1103 413 1160 nisi
426 1103 574 1180 probasset
586 1103 734 1181 Virgilius,
749 1102 825 1162 idem

32 1217 178 1274 nunquam
194 1209 271 1257 certe
284 1200 465 1258 conditorum
479 1200 649 1258 Chalcidico
662 1219 745 1258 versu
765 1219 826 1258 oar·

32 1296 144 1353 minum
157 1296 272 1354 fecisset
286 1297 315 1354 in
330 1297 478 1354 Bucolicis
497 1297 680 1354 mentionem.
719 1295 823 1357 Quidl

33 1390 173 1450 Horatius
200 1393 303 1450 frustra
334 1393 481 1469 Tyrtoeam
507 1392 637 1450 Homero
659 1392 825 1469 subjungitl
913 1395 919 1402 '

31 1489 78 1545 57.
99 1487 166 1546 Nec
180 1508 249 1547 sane
262 1489 411 1564 quisquam
431 1498 474 1546 est
493 1498 552 1546 tam
570 1489 671 1564 procul
692 1507 709 1546 a
728 1488 825 1567 cogni·

33 1584 112 1642 tione
132 1603 231 1642 eorum
252 1595 387 1657 remotus,
409 1595 519 1643 utnon
541 1585 666 1642 indicem
686 1595 766 1642 certe
791 1604 827 1644 ex

32 1681 208 1739 bibliotheca
238 1693 363 1743 sumtum
397 1684 549 1741 transferre
582 1683 613 1740 in
645 1683 733 1740 libros
758 1701 825 1740 suos

30 1778 128 1852 possit.
185 1777 250 1836 Neo
277 1779 378 1856 ignoro
405 1779 492 1856 igitur
523 1798 596 1855 quos
622 1789 744 1851 transeo,
771 1797 827 1837 uec

30 1875 132 1950 utique
153 1874 267 1946 damno,
288 1885 320 1933 ut
341 1876 390 1951 qui
410 1876 530 1933 dixerim
551 1895 614 1933 esse
636 1876 666 1933 in
693 1877 826 1933 omnibus

31 1973 165 2029 utilitatis
180 1972 303 2046 aliquid:
325 1973 376 2029 sed
391 1973 425 2030 ad
446 1973 510 2030 illos
528 1974 587 2048 jam
606 1973 740 2048 perfectis
759 1992 827 2030 con·

27 2069 196 2142 stitutisque
223 2069 329 2126 viribus
363 2080 545 2126 revertemur.
598 2069 645 2126 58.
678 2068 768 2130 Quod
795 2068 826 2126 in

30 2165 124 2222 omnis
145 2165 300 2242 grandibus
321 2184 395 2240 saepe
416 2166 547 2235 facimus,
562 2175 603 2236 ut,
625 2184 691 2221 curn
712 2164 826 2240 optimis

28 2262 128 2319 satiati
142 2281 251 2332 sumus,
266 2263 386 2318 varietas
405 2272 502 2320 tamen
522 2262 605 2318 nobis
625 2281 660 2318 en
679 2261 826 2318 vilioribus

29 2369 115 2435 grata
128 2359 172 2415 sit.
215 2359 303 2416 Tunc
330 2369 358 2416 et
385 2359 506 2435 elegiam
534 2358 647 2415 vacabit
673 2357 703 2415 in
724 2377 825 2415 manus

28 2474 156 2526 sumere,
184 2455 265 2530 cujus
298 2455 430 2530 princeps
464 2453 583 2510 habetur
618 2454 826 2511 Callimachus:

28 2551 176 2608 secundas
191 2551 371 2608 consessione
384 2550 572 2626 plurimorum
586 2550 721 2608 Philotas
742 2571 827 2608 oocu-

26 2647 118 2722 pavit
160 2649 207 2704 59.
230 2647 287 2704 Sed
302 2648 368 2703 dum
385 2646 560 2720 assequimur
570 2631 651 2703 'illam
666 2647 784 2718 firmam,
796 2659 828 2705 ut

27 2744 104 2815 dixi,
126 2744 301 2815 facilitatem,
323 2743 437 2818 optimis
465 2743 686 2800 assuescendum
712 2754 772 2801 est:
799 2753 828 2801 et

27 2841 122 2898 multa
143 2840 235 2916 magis
256 2859 340 2914 quam
362 2841 515 2896 multorum
535 2841 660 2896 lectione
681 2839 828 2895 formanda

25 2955 125 3007 mens,
133 2946 161 2993 et
173 2936 322 2992 ducendus
337 2936 423 2992 color.
465 2934 566 3008 Itaque
580 2934 718 2990 extribus
731 2949 827 3002 recep·

24 3035 65 3092 tis
106 3031 268 3091 Aristarchi
297 3031 408 3104 judicio
441 3029 626 3104 scriptoribus
658 3026 825 3093 iamborum,
