1984 3342
143 231 184 292 ω
366 237 402 284 Μ.
423 237 493 284 ssu
515 235 723 293 eumdumius

84 398 87 405 '
145 389 237 466 Cujus
250 387 292 447 rei
313 387 475 447 observatio
492 387 604 465 judicio
624 387 717 465 magis
736 385 862 462 quodam
884 405 943 444 sen-

144 486 201 557 tiri,
217 503 301 560 quam
315 485 466 562 praecsptis
479 484 553 543 tradi
566 494 668 560 potest.
708 483 862 546 Quantum
877 483 943 542 satis

145 583 191 655 rit,
205 593 235 640 et
248 593 386 658 quantum
400 582 541 658 recipiant
555 601 645 640 aures.
687 581 757 638 Nou
778 581 864 639 habet
884 582 944 639 hcc

144 699 191 738 res
206 699 367 738 mensuram
381 689 410 738 et
430 679 512 754 quasi
532 678 655 755 pondus,
669 678 738 753 quia
758 688 789 736 ut
809 677 840 735 iu
860 677 942 747 cibis,

146 777 202 836 ulia
216 777 278 834 aliis
292 777 384 854 magis
397 777 549 852 complent.

184 875 232 932 92.
260 873 466 952 Adjicicndum
480 873 568 932 etium
588 873 712 931 breviter
731 872 855 940 videtur,
869 869 944 948 quod

146 971 205 1030 sere
219 969 334 1028 dicendi
348 971 466 1030 virtutes
479 971 678 1028 diversissime}
693 989 751 1028 nou
764 970 858 1028 solum
879 989 944 1028 suos

147 1078 287 1127 iuratores
300 1068 435 1140 habeant,
450 1068 500 1126 sed
516 1068 552 1126 ub
565 1067 674 1126 eisdem
687 1086 764 1143 saepe
782 1067 942 1126 laudentur.

145 1164 176 1224 N
179 1185 223 1224 em
237 1166 342 1224 Cicero
356 1166 478 1242 quodam
494 1165 560 1223 loco
574 1164 683 1237 scribit,
691 1165 724 1222 id
733 1185 791 1222 esse
803 1167 944 1242 optinum,

146 1264 293 1341 quodcum
307 1273 334 1322 le
344 1262 441 1340 facile
455 1263 607 1322 credideris
628 1263 759 1339 consequi
777 1263 944 1334 imitatione,

146 1381 201 1420 nen
209 1363 312 1439 possis.
354 1361 423 1418 Alio
437 1379 515 1434 vero,
529 1379 584 1418 nen
597 1359 632 1417 id
643 1361 743 1436 egisse,
756 1367 790 1417 ut
810 1360 857 1418 ita
876 1360 946 1418 dice·

147 1471 200 1533 rel,
214 1461 346 1538 qummdc
359 1481 387 1518 se
401 1461 520 1537 quilibet
535 1480 618 1536 posse
638 1459 798 1536 confideret,
813 1459 865 1536 sed
883 1480 946 1537 que·

145 1559 224 1616 mede
249 1577 333 1616 nemo.
374 1559 421 1615 93.
442 1557 534 1619 Quod
560 1567 654 1633 potest
673 1575 801 1634 pugnare
822 1556 898 1615 iuter
917 1575 946 1614 se

146 1653 245 1711 videri.
287 1654 396 1711 Verum
424 1663 588 1728 utrumque,
611 1673 646 1710 uc
671 1653 784 1724 merito,
805 1653 945 1712 laudatur.

147 1750 306 1808 Causarum
334 1750 412 1808 enim
439 1750 525 1808 modo
551 1751 656 1808 distat:
683 1751 752 1826 quia
778 1750 948 1826 simplicitas

147 1847 205 1918 illa,
220 1856 249 1904 ct
268 1847 346 1904 velut
366 1847 505 1904 securitas
524 1847 694 1906 inaffectata
714 1847 861 1919 orationis,
876 1849 949 1906 mire

148 1955 249 2002 tenues
269 1963 370 2002 causas
390 1944 483 2015 decet,
504 1945 661 2020 majoribus
682 1945 752 2003 illud
780 1945 949 2003 admirabile

147 2041 263 2100 dicendi
277 2059 369 2119 genus
383 2041 474 2118 magis
495 2042 639 2100 convenit.
680 2041 716 2100 Iu
736 2053 859 2118 utroque
879 2044 950 2100 emi·
984 2060 985 2063 ’

147 2150 197 2198 net
210 2139 333 2198 Cicero:
355 2140 507 2214 exquibus
529 2140 648 2196 alterum
669 2139 793 2214 imperiti
807 2145 844 2197 'sc
863 2159 949 2216 posse

147 2237 285 2313 consequi
299 2237 418 2294 credent
423 2256 431 2304 3
453 2246 597 2307 neutrum,
612 2236 661 2311 qui
675 2237 847 2313 intelligunt.

186 2429 224 2487 11.
253 2429 417 2489 Memoriam
431 2433 548 2507 quidam
568 2444 676 2489 uaturae
698 2431 784 2489 modo
804 2449 868 2490 esse
889 2451 951 2488 mu·

148 2547 203 2586 nus
217 2529 460 2602 existimaverunt,
476 2541 575 2606 estque
589 2531 619 2588 in
633 2549 667 2588 ea
681 2551 739 2588 non
754 2529 841 2587 dubie
861 2531 951 2606 pluri·

147 2643 242 2696 mum3
277 2627 327 2684 sed
359 2628 422 2704 ipsu
454 2628 622 2698 excolendo,
649 2628 725 2684 sicut
758 2627 814 2684 alia
840 2629 950 2699 omnia,

149 2733 284 2800 augetur:
306 2734 335 2781 et
354 2735 440 2790 totus,
457 2723 493 2781 de
512 2742 569 2799 quo
590 2724 714 2782 diximus
735 2725 839 2796 adhuc,
854 2724 952 2782 inanis

148 2826 191 2874 cst
218 2817 307 2888 labor,
329 2818 384 2875 nisi
412 2827 515 2874 ceterae
540 2827 635 2892 partes
661 2819 717 2875 hoc
743 2818 820 2875 velut
847 2819 952 2894 spiritu

149 2915 340 2972 continentur.
383 2914 459 2971 Nam
473 2925 503 2972 et
522 2915 616 2972 omnis
638 2917 789 2992 disciplina
809 2919 953 2975 memoria

149 3021 270 3086 constat,
292 3011 451 3088 frustraque
477 3011 625 3085 docemur,
646 3013 681 3085 si,
702 3013 842 3089 quidquid
872 3016 955 3074 audi·
