1984 3342
180 202 184 211 ¹
222 239 305 306 urar.
324 225 461 290 aaaron
480 241 543 292 atu.
561 242 645 302 aar.
777 234 835 300 tat

30 389 125 448 andr?
152 400 191 464 et,
212 389 360 450 Revocarc
379 397 412 450 tu
431 363 473 452 nic
491 392 524 450 r‘n
542 391 677 470 patrima
696 391 833 470 potuisti,

30 485 263 564 dampetra,-
284 507 335 564 rgo
348 497 376 548 tc
389 489 421 547 in
434 488 528 548 eadm
540 490 649 567 patrio
661 508 717 567 per
728 489 834 548 corde:

30 584 154 643 retinere
174 604 228 643 aon
241 590 366 663 potero?
407 586 535 644 Etcum
561 587 637 646 bona
662 586 697 646 0.
717 585 834 647 Rabirii

30 697 91 738 uno
105 681 236 740 sestertio
251 683 367 754 addicit,
380 682 409 740 0
419 702 506 742 meum
515 683 644 742 nciam
653 682 834 760 arabumque

26 777 211 853 praeconium.
254 780 319 838 173.
341 779 396 837 llla
416 797 530 856 quoque
542 779 615 838 mire
627 779 697 838 facit
710 779 742 837 in
752 797 835 856 paro·

29 873 145 931 ratione
158 873 236 934 velut
249 875 409 933 deficientia
423 876 522 935 dolore
535 886 565 936 et
577 875 745 952 fatigatione
765 895 834 934 con·

30 971 138 1030 lessio:
160 981 193 1030 ut
205 991 257 1048 pro
270 974 371 1032 eodem
385 972 506 1046 Milone,
516 973 654 1051 Scdfinis
667 974 727 1032 rit:
746 993 834 1052 aeque

29 1067 105 1126 caim
113 1087 180 1144 prm
194 1069 320 1128 lacrimis
330 1068 398 1146 jam
412 1070 489 1148 loqui
496 1089 622 1147 parrum.
664 1069 742 1132 Qua
755 1070 834 1130 rimi-

29 1164 89 1224 lem
104 1165 198 1223 verbis
212 1166 317 1224 habere
330 1167 437 1225 debent
449 1167 537 1225 etiam
555 1166 832 1244 pronunciationem.

30 1261 100 1320 174.
128 1259 254 1320 Possunt
279 1262 370 1322 videri
398 1264 453 1322 alia
480 1281 595 1340 quoque
626 1262 712 1339 hujus
744 1262 834 1339 partia

29 1369 118 1436 atque
132 1359 231 1431 officii,
240 1379 299 1418 reos
310 1361 442 1433 accitare,
449 1380 554 1438 pucros
568 1361 705 1432 attollere,
713 1359 834 1437 propin-

28 1474 100 1532 quos
108 1455 276 1532 producere,
290 1464 377 1515 certes
391 1457 521 1520 laniare:
541 1457 592 1516 aed
604 1475 657 1514 auo
670 1456 736 1516 loco
755 1456 834 1516 diota

27 1561 106 1610 sunt
150 1551 189 1610 Et
202 1553 270 1628 quia
283 1552 313 1610 in
325 1553 454 1630 partibus
467 1572 563 1612 cauare
573 1553 639 1612 talia
649 1563 694 1612 eat
701 1552 833 1626 varietas,

27 1649 100 1708 satia
129 1659 254 1725 apparet,
282 1650 555 1709 accommodandam
587 1650 738 1710 sententiis
763 1650 834 1727 ipsir

27 1745 313 1822 pronunciationem,
335 1746 411 1806 sicut
434 1746 619 1806 ostendimur
637 1815 640 1820 ,
660 1747 720 1807 Sed
738 1747 835 1808 verbio

30 1860 159 1919 quoque,
169 1843 245 1917 quod
259 1843 412 1902 novissime
426 1844 564 1917 dixeram,
575 1865 633 1904 non
645 1864 768 1922 semper,
781 1843 835 1904 aad

29 1938 196 2016 aliquando.
239 1940 305 1998 175.
327 1939 375 1999 An
402 1959 461 2000 uon
481 1941 554 2013 haee,
574 1942 696 2000 misellus
716 1952 745 2000 et
761 1961 835 2018 potr·

26 2035 179 2112 perculere,
195 2035 347 2094 rummissa
361 2046 445 2112 atque
460 2048 626 2104 contracta;
637 2037 733 2114 fortir
747 2046 777 2096 et
789 2058 834 2096 nc·

26 2133 140 2192 tenens
156 2142 184 2190 et
195 2133 279 2205 latro,
288 2144 422 2191 erectaet
434 2134 580 2191 concitata
592 2152 664 2192 voce
677 2133 836 2192 dicendum

27 2231 94 2288 estl
137 2227 264 2287 Accedit
293 2230 370 2288 enim
390 2229 433 2288 via
452 2239 482 2288 et
499 2228 659 2305 proprietas
677 2228 762 2286 rebus
781 2228 835 2289 tali

28 2326 252 2403 astipulatione:
281 2345 344 2404 quae
371 2326 427 2385 nisi
454 2325 532 2398 assit,
560 2326 638 2384 aliud
663 2344 727 2400 vox,
755 2325 835 2386 aliud

27 2413 148 2484 aninlua
162 2423 300 2482 ostendat.
343 2424 408 2482 1711
428 2422 533 2485 Quidl
547 2423 623 2500 quod
633 2422 735 2482 endem
747 2423 836 2484 verba

26 2529 144 2578 mutata
157 2519 395 2595 pronunciatione
416 2518 556 2593 indicant,
570 2519 721 2593 affirmant,
734 2538 835 2598 expro-

26 2620 128 2688 brant,
142 2625 259 2694 negant,
273 2615 422 2689 mirantur,
437 2615 632 2695 indignantur,
646 2617 833 2696 interrogant,

26 2713 166 2784 irrident,
181 2712 312 2771 elevanti
352 2713 446 2772 Aliter
466 2713 544 2773 enim
564 2712 679 2786 diciorr,
698 2712 745 2772 Tu
763 2714 840 2781 niti,

24 2810 218 2890 quodcunque
231 2809 281 2867 loc
294 2810 379 2886 regni
385 2832 396 2876 ,·
411 2820 449 2882 et,
460 2809 612 2870 Caortmtdo
625 2816 657 2868 tu
671 2810 772 2868 illum?
792 2818 832 2882 et,

32 2908 123 2968 racc
142 2906 191 2967 illc
209 2906 348 2968 Encas?
370 2916 409 2982 et,
423 2905 524 2986 Meque
544 2908 653 2968 timoris
665 2905 769 2984 Argue
787 2912 832 2978 tu,
