1984 3342
130 139 171 204 aa
351 147 387 194 u.
406 147 474 194 rin
492 145 698 202 oummmuu
793 207 798 218 .

129 297 178 360 93.
204 295 307 374 Elegia
332 313 446 371 quoque
471 295 590 354 Grecos
615 313 814 371 provocamus,
842 297 925 376 cujus

131 392 201 454 mibi
214 403 306 450 tersus
321 403 404 468 atque
419 391 535 468 elegans
548 391 671 450 maxime
691 391 802 448 videtur
824 403 924 451 auctor

136 488 273 546 Tibullus.
315 489 389 544 Sunt
403 488 450 562 qui
465 487 649 563 Propertium
669 487 776 544 malint.
822 487 924 546 Ouidi·

129 603 162 642 us
177 594 296 658 utroque
309 583 456 640 lascivior:
478 583 553 640 sicut
564 583 660 639 durior
673 582 785 640 Gallus.
828 585 925 642 Satira

130 679 243 755 quidem
264 691 323 738 tota
342 690 437 738 nostra
457 690 510 751 est,
526 679 555 736 in
575 699 632 754 qua
650 679 759 754 primus
779 679 923 757 insignem

129 776 241 834 laudem
257 777 373 852 adeptus
388 777 520 834 Lucilius
535 775 672 851 quosdam
688 776 727 832 ita
740 776 854 834 deditos
868 777 923 835 sibi

131 873 223 932 adhuc
236 873 320 930 habet
335 883 483 943 amatores,
498 881 530 929 ut
543 890 609 929 eum
623 890 681 928 non
695 872 822 948 ejusdem
836 874 923 930 modo

129 968 221 1044 operis
243 969 414 1039 auctoribus,
435 968 485 1024 sed
513 968 645 1024 omnibus
670 967 763 1043 politis
789 969 923 1044 praeferre

129 1083 186 1121 non
201 1065 339 1122 dubitent.
379 1065 426 1121 94.
450 1063 514 1141 Ego
528 1073 665 1139 quantum
681 1065 716 1119 ab
730 1064 797 1134 illis,
811 1074 922 1122 tantum

129 1164 164 1220 ab
179 1163 299 1222 Horatio
313 1163 459 1234 dissentio,
474 1163 523 1238 qui
538 1163 683 1219 Lucilium
696 1162 789 1238 fluore
803 1163 923 1221 lutulen-

127 1269 194 1332 tum,
216 1272 253 1334 et,
274 1282 330 1320 esso
351 1260 471 1337 aliquid,
493 1259 569 1336 quod
590 1260 684 1316 tollere
706 1261 811 1334 possis,
832 1271 922 1335 putat.

127 1357 202 1416 Nam
217 1359 339 1416 eruditio
363 1358 392 1414 in
413 1376 447 1414 eo
468 1357 549 1427 mira,
564 1366 592 1413 et
612 1356 736 1426 libertas,
752 1367 835 1432 atque
856 1357 923 1413 inde

128 1455 276 1526 acerbitas,
292 1464 320 1511 et
335 1453 448 1510 abunde
469 1452 543 1509 salis.
586 1451 681 1509 Multo
701 1463 744 1509 est
763 1452 866 1510 tersior
888 1471 921 1509 ao

126 1568 214 1626 purus
234 1550 325 1625 magis
338 1548 493 1618 Horatius,
509 1557 537 1604 et
558 1549 593 1604 ad
613 1549 752 1606 notandos
773 1549 922 1606 hominum

126 1648 219 1702 morta
231 1644 401 1718 praecipuus,
443 1641 568 1700 Multum
582 1654 611 1701 et
624 1663 696 1701 verae
706 1644 814 1722 gloria,
823 1665 923 1720 quam·

126 1741 168 1798 vis
183 1758 239 1796 uno
252 1739 335 1810 libro,
350 1739 473 1797 Persius
488 1740 600 1798 meruit.
642 1742 718 1798 Sunt
732 1741 802 1798 clari
823 1742 922 1799 hodie·

125 1855 190 1912 que,
218 1846 246 1893 et
272 1835 321 1911 qui
349 1836 417 1894 olim
444 1836 675 1894 nominabuntur.
717 1839 764 1895 95.
787 1838 921 1896 Alterum

125 1933 195 1990 illud
210 1932 295 1990 etiam
308 1933 387 2010 prius
401 1933 493 1991 satirae
514 1952 615 2011 genus,
630 1934 680 1992 sed
701 1953 759 1992 non
779 1934 840 1992 sola
859 1955 921 1992 oar-
973 1928 974 1971 3

125 2029 234 2088 minum
249 2031 383 2088 varietate
397 2030 517 2088 mixtum
531 2031 660 2089 condidit
679 2032 827 2090 Terentius
848 2033 922 2090 Vor·

124 2147 166 2199 ro,
180 2127 222 2185 vir
235 2127 435 2186 Romanorum
449 2127 665 2185 eruditissimus.
707 2127 850 2187 Plurimos
870 2129 921 2188 hic
973 2140 975 2198 ἑ

123 2222 211 2283 libros
224 2234 254 2282 et
267 2223 447 2280 doctissimos
467 2223 637 2299 composuit,
657 2224 846 2300 peritissimus
866 2225 921 2283 lin·
973 2219 975 2306 ᾗ

124 2338 187 2396 gum
201 2320 321 2392 Latina,
332 2330 361 2378 et
375 2320 467 2377 omnis
482 2319 666 2395 antiquitatis,
686 2330 714 2378 et
728 2339 823 2380 rerum
841 2322 921 2380 urae·
973 2311 975 2397 i

124 2427 465 2492 carum,n0strarumque‚
478 2417 543 2494 plus
556 2426 651 2474 tamen
662 2417 788 2476 scientiar
803 2418 921 2476 collatu·
973 2462 974 2505 ;

123 2531 181 2584 rus,
203 2531 288 2588 quam
315 2512 492 2588 eloquentiae.
534 2513 583 2571 96.
603 2512 720 2572 Iambus
738 2533 798 2572 oon
818 2535 921 2574 saneu
973 2518 974 2523 ’

123 2609 264 2668 Romanis
278 2609 437 2668 celebratus
457 2619 510 2683 est,
531 2617 562 2666 ut
580 2609 727 2686 proprium
746 2629 818 2686 opus
828 2631 835 2682 ;
857 2611 920 2687 qui·

123 2705 241 2764 busdam
255 2706 454 2782 interpositus:
476 2705 559 2782 cujus
580 2705 720 2764 acerbitas
740 2707 770 2764 in
793 2707 919 2781 Catullo,

122 2800 274 2873 Bibaculo,
286 2801 431 2860 Horatio:
446 2819 608 2876 quanquam
622 2801 664 2858 illi
677 2803 784 2876 epodos
799 2803 920 2863 interve·

122 2896 186 2959 nire
204 2898 369 2981 reperiatur.
410 2897 451 2960 At
477 2897 648 2978 Lyricorum
673 2896 750 2967 idem
769 2899 918 2966 Horatius
