1984 3342
145 233 187 294 ὅθ
370 239 407 287 Μ.
426 237 498 286 11111.
517 237 725 295 nummum

148 387 338 450 dissimulavit
359 389 536 462 adolescens,
556 389 673 448 tertium
697 390 758 468 jam
777 387 855 448 diem
875 396 945 462 eise,

147 488 223 564 quod
239 487 317 544 oinni
337 487 435 544 labore
454 487 582 544 materias
603 487 639 544 ad
659 486 845 544 scribendum
866 485 946 544 desti·

147 595 221 644 nats
235 603 293 642 non
308 584 448 642 inveniret
462 585 628 642 exordium:
650 603 707 660 quo
720 583 777 641 sibi
797 603 858 642 non
880 603 947 660 pre·

147 701 213 740 sens
226 691 338 738 tantum
353 681 443 754 dolor,
459 682 509 740 sed
523 681 611 738 etiam
625 681 788 756 desperatio
802 681 833 739 iu
853 692 946 756 poste·

147 797 210 836 rum
231 777 320 837 tieret.
361 777 440 834 Tum
461 777 566 836 Florus
586 778 723 856 arridens,
737 777 889 854 Numquid
905 787 946 851 tu,

146 875 249 950 inquit,
263 875 359 934 melius
373 874 464 934 dicere
478 875 533 946 vis,
547 895 632 952 quam
640 879 747 952 potes?
789 877 835 933 15.
857 875 947 934 Itase
988 914 989 917 =

146 989 193 1030 res
206 973 299 1030 habet.
341 971 511 1030 Curandum
524 982 578 1044 est,
593 978 723 1047 utquam
743 972 852 1048 optime
872 973 947 1030 dica·

146 1087 227 1130 mus:
249 1069 405 1128 dicendum
419 1079 516 1127 tamen
528 1088 582 1146 pro
590 1069 733 1128 facultate.
775 1069 825 1126 Ad
836 1071 948 1146 profec-

144 1175 206 1226 tum
221 1166 299 1226 euim
313 1184 385 1242 opus
399 1174 442 1224 est
462 1166 568 1237 studio,
582 1185 641 1223 uon
661 1165 870 1242 indignatione.
910 1165 947 1224 Ut

144 1263 287 1340 possiinus
296 1273 392 1320 autem
406 1261 533 1320 scribere
547 1261 635 1319 etiam
646 1262 730 1336 plura
743 1261 880 1334 celerius,
890 1278 946 1320 nou

145 1363 309 1422 concitatio
335 1361 422 1420 modo
447 1360 605 1438 prestabit,
629 1360 660 1417 iu
686 1378 743 1436 qua
769 1361 833 1418 siue
859 1361 947 1420 dubio

146 1459 267 1518 multum
295 1468 347 1530 est,
369 1458 420 1516 sed
447 1457 534 1515 etiam
561 1457 657 1522 ratim
684 1457 709 1514 si
728 1476 788 1515 nou
807 1459 945 1536 resupini,

145 1567 363 1634 spectantesque
389 1565 509 1626 tectum,
529 1565 558 1612 st
578 1555 783 1632 cogitationem
802 1575 947 1617 murmure

146 1653 297 1731 agitantes,
325 1652 594 1728 exspectaverimus,
620 1653 690 1728 quid
722 1654 865 1729 obveniet,
899 1655 948 1716 sed

145 1749 215 1824 quid
235 1767 281 1806 res
300 1757 409 1824 poscat,
424 1748 494 1824 quid
514 1767 665 1824 personam
686 1750 798 1823 deceat,
813 1753 894 1827 quod
912 1753 948 1812 sit

145 1855 269 1921 tempus,
284 1845 333 1922 qui
351 1845 458 1922 judicis
472 1845 595 1915 animus,
609 1847 716 1921 intuiti,
730 1848 860 1908 humano
879 1867 948 1927 quc·

146 1942 212 2000 dnm
239 1943 325 2002 modo
353 1943 387 2001 ad
415 1943 602 2002 scribendum
629 1945 845 2006 accesserimus
898 1947 948 2005 Sic

146 2039 230 2099 uobis
256 2050 286 2098 et
312 2039 404 2114 initia,
431 2051 461 2099 et
487 2041 565 2116 quod
591 2042 729 2116 sequitur,
756 2053 862 2101 nutura
887 2044 948 2121 ipsa

145 2139 313 2216 prescribit.
357 2139 402 2196 16.
424 2137 513 2196 Certa
539 2148 607 2196 suut
633 2139 711 2196 euim
737 2138 886 2215 pleraque,
908 2151 946 2208 et,
988 2120 989 2145 ³

145 2236 202 2294 uisi
222 2236 436 2308 conniveamus,
458 2235 488 2292 iu
508 2236 610 2293 oculos
629 2236 797 2295 incurrunt:
826 2238 947 2314 ideoque

146 2353 201 2391 nec
215 2333 325 2391 indocti
339 2352 394 2391 nec
407 2333 511 2391 rustici
524 2333 574 2390 diu
588 2344 729 2408 quaeruut,
744 2334 823 2392 unde
844 2335 946 2411 incipi·

147 2439 213 2486 ant:
241 2449 298 2504 quo
318 2430 483 2506 pudendum
510 2438 555 2488 est
581 2431 682 2507 magis,
703 2431 728 2488 si
749 2431 946 2490 difficultatem
988 2482 990 2499 ,

146 2525 216 2583 iacit
235 2525 374 2583 doctrina.
416 2525 485 2583 Nou
506 2545 576 2604 crgo
595 2546 706 2603 semper
726 2539 862 2604 putemus
875 2528 948 2605 opti-
988 2536 990 2607 i

145 2641 223 2680 mum
238 2640 309 2693 esse,
325 2621 401 2696 quod
421 2623 508 2694 latet,
531 2624 763 2682 immutescamus
784 2625 902 2701 alioqui,
922 2624 947 2682 si

145 2718 216 2778 nihii
232 2718 385 2777 dicendum
400 2719 540 2792 videatur,
548 2720 605 2778 nisi
614 2723 690 2797 quod
699 2741 759 2780 uon
773 2723 944 2781 invenimus.
988 2710 990 2859 ἱ

147 2817 192 2874 17.
214 2815 367 2872 Diversum
382 2826 425 2874 est
445 2815 515 2874 huic
535 2835 636 2874 eorum
656 2818 767 2892 vitium,
783 2819 833 2894 qui
853 2820 949 2896 primo
988 2864 990 2885 ‚

145 2899 298 2971 decurrere
318 2931 368 2989 per
395 2913 543 2970 materiam
571 2913 637 2971 stilo
657 2933 742 2991 quam
761 2917 947 2976 velocissimo
988 2906 990 2947 ἒ

146 3011 254 3085 volunt,
269 3020 297 3070 et
317 3021 469 3088 sequentes
489 3011 615 3071 calorem
635 3013 890 3091 atque-impetum,
911 3032 950 3073 ex
