1984 3342
131 191 171 250 ω
336 233 339 240 ·
371 197 407 246 bl.
426 197 496 246 FAB.
515 195 723 254 eumarum

130 357 288 424 preceptor
308 347 438 424 coegerit
457 348 487 406 in
508 347 696 406 declamando
715 363 801 422 quam
821 343 927 404 similli-

131 462 209 502 mum
236 463 298 502 esse
325 445 446 516 veritati,
473 455 503 502 ct
528 463 579 520 per
604 454 679 502 totas
706 443 747 501 ire
776 443 925 500 materias:

131 559 251 616 quarum
277 559 356 598 nunc
383 541 528 614 facillima,
556 552 589 600 ut
614 541 737 598 maxime
764 539 927 598 favorabilia

131 638 297 712 decerpunt.
348 637 472 696 Obstant
499 638 578 709 buic,
605 638 681 712 quod
709 636 840 694 secundo
864 636 927 693 loco

130 732 223 810 posui,
251 734 310 792 fere
336 735 419 792 turba
443 733 661 810 discipulorum,
689 744 718 790 et
751 732 927 790 consuetudo

131 829 266 888 classium
293 830 379 892 certis
412 831 514 888 diebus
541 830 764 887 audiendarum:
799 827 926 886 nonnihil
970 904 972 915 Ι

130 926 217 984 etiam
236 927 383 1002 persuasio
402 937 525 1003 patrum,
538 926 752 984 numerantium
771 926 869 1001 potius
882 925 928 982 de·

130 1023 326 1096 clamationes,
341 1043 426 1098 quam
447 1024 658 1082 aestimantium.
698 1023 747 1080 22.
769 1022 839 1094 Sed,
854 1021 927 1098 quod

130 1118 188 1176 dixi
207 1120 310 1196 ptimo,
332 1131 363 1178 ut
384 1121 513 1192 arbitror,
533 1120 616 1191 libro,
637 1138 693 1177 nec
713 1119 813 1176 illese
839 1120 928 1176 bonus

129 1225 286 1290 preceptor
299 1216 405 1292 majore
419 1233 550 1286 numero,
564 1232 649 1289 quam
670 1213 811 1271 sustinere
829 1212 926 1288 possit,

130 1312 278 1370 onerabit:
313 1322 341 1370 et
374 1311 489 1370 inanem
521 1310 724 1386 loquacitatem
751 1303 873 1379 recidet,
899 1317 927 1364 ut

130 1407 236 1478 omnia,
251 1427 313 1482 quae
334 1418 399 1464 aunt
421 1407 450 1464 in
466 1407 669 1478 controversia,
684 1425 753 1477 non,
768 1415 799 1462 ut
814 1405 928 1480 quidem
970 1482 971 1491 ἵ

130 1504 239 1574 volunt,
260 1522 323 1577 quae
351 1503 381 1558 in
404 1521 501 1560 rerum
526 1514 638 1574 natura,
660 1503 809 1560 dicantur:
836 1511 867 1560 et
886 1500 927 1558 vel
970 1496 972 1569 l

130 1599 259 1674 longiore
285 1599 381 1673 potius
407 1598 519 1656 dierum
546 1584 639 1675 spatio
671 1599 778 1657 laxabit
812 1597 928 1656 dicendi

130 1693 340 1764 necessitatem,
367 1693 410 1752 vel
447 1695 582 1752 materias
615 1696 742 1753 dividere
774 1694 926 1770 permittet

129 1790 177 1848 23.
198 1789 264 1848 Una
290 1790 367 1847 cuim
393 1789 545 1866 diligenter
571 1792 675 1849 effecta
698 1791 764 1868 plus
789 1791 927 1867 proderit,

130 1905 215 1962 quam
229 1887 324 1962 plures
337 1887 479 1944 inchoatae
492 1897 522 1946 et
535 1888 616 1963 quasi
636 1888 801 1964 degustate.
842 1887 929 1963 Prop-

82 2044 88 2060 ,
129 1993 172 2042 ter
186 1984 262 2060 quod
278 1984 393 2056 accidit,
405 1993 437 2042 ut
446 2003 502 2042 nec
513 2004 567 2048 suo
576 1984 643 2042 loco
650 1984 776 2060 quidque
788 1995 927 2060 ponatur:
970 1994 971 1997 ’

129 2099 185 2140 uec
211 2081 269 2153 illu,
291 2101 353 2157 que
373 2081 465 2159 prima
484 2093 561 2153 sunt,
582 2091 695 2139 servent
714 2099 797 2138 suam
815 2081 927 2160 legem:
970 2080 971 2089 ’

131 2178 283 2256 juvenibus
303 2178 437 2238 flosculos
457 2179 586 2236 omnium
605 2177 729 2254 partium
748 2176 779 2234 in
798 2197 844 2248 ea,
864 2197 928 2254 que

129 2274 195 2334 aunt
208 2275 323 2347 dicturi,
338 2277 577 2352 congerentibus:
599 2293 656 2351 quo
676 2275 717 2346 lit,
731 2283 763 2331 ut
782 2273 927 2346 timentes,

128 2392 166 2431 ne
185 2373 333 2450 sequentia
345 2373 474 2450 perdant,
488 2373 584 2450 priora
597 2371 781 2430 confundant

168 2567 220 2624 VI.
248 2567 381 2624 Proxima
401 2566 466 2624 stilo
486 2566 625 2642 cogitatio
645 2575 698 2634 est,
719 2585 782 2642 quoe
809 2574 839 2624 et
866 2564 927 2654 ipsa
970 2566 971 2641 l

21 2723 22 2728 χ
129 2661 203 2719 vires
218 2661 253 2718 ab
267 2661 323 2718 hcc
337 2662 452 2738 accipit,
474 2672 503 2720 et
526 2672 569 2720 est
589 2662 663 2720 inter
682 2659 828 2720 scribendi
848 2663 927 2720 labo

129 2775 199 2823 rem,
215 2757 492 2832 extemporalemque
506 2758 649 2815 fortunam
668 2758 764 2816 media
782 2759 926 2833 quaedam,

135 2860 159 2906 “t
171 2850 270 2908 nescio
286 2869 321 2908 au
342 2869 410 2910 usus
430 2851 660 2926 frequentissimi.
700 2852 779 2909 Nam
798 2852 928 2913 scribere
970 2890 971 2899 κ

169 2967 185 3008 c
204 2948 321 3025 ubique,
342 2967 397 3009 nec
424 2966 535 3026 semper
559 2966 727 3025 possumus:
755 2948 928 3024 cogitationi

970 3116 972 3151 l

970 3170 972 3205 l
