<?xml version="1.0" encoding="UTF-8"?>
<!DOCTYPE html PUBLIC "-//W3C//DTD XHTML 1.0 Transitional//EN"
    "http://www.w3.org/TR/xhtml1/DTD/xhtml1-transitional.dtd">
<html xmlns="http://www.w3.org/1999/xhtml" xml:lang="en" lang="en">
 <head>
  <title>
</title>
<meta http-equiv="Content-Type" content="text/html;charset=utf-8" />
  <meta name='ocr-system' content='tesseract 3.04.00' />
  <meta name='ocr-capabilities' content='ocr_page ocr_carea ocr_par ocr_line ocrx_word'/>
</head>
<body>
  <div class='ocr_page' id='page_1' title='image "./mfabiiquintilia01dillgoog_0077.png"; bbox 0 0 1984 3342; ppageno 0'>
   <div class='ocr_carea' id='block_1_1' title="bbox 226 250 823 312">
    <p class='ocr_par' dir='ltr' id='par_1_1' title="bbox 226 250 823 312">
     <span class='ocr_line' id='line_1_1' title="bbox 226 250 823 312; baseline -0.003 -1"><span class='ocrx_word' id='word_1_1' title='bbox 226 258 308 311; x_wconf 73' lang='lat' dir='ltr'><strong>uisu.</strong></span> <span class='ocrx_word' id='word_1_2' title='bbox 327 263 463 312; x_wconf 76' lang='lat' dir='ltr'><strong>emron.</strong></span> <span class='ocrx_word' id='word_1_3' title='bbox 483 262 544 311; x_wconf 83' lang='lat' dir='ltr'><strong>ua.</strong></span> <span class='ocrx_word' id='word_1_4' title='bbox 564 261 594 309; x_wconf 85' lang='lat' dir='ltr'><strong>x.</strong></span> <span class='ocrx_word' id='word_1_5' title='bbox 612 263 634 309; x_wconf 78' lang='lat' dir='ltr'><strong>a</strong></span> <span class='ocrx_word' id='word_1_6' title='bbox 782 250 823 310; x_wconf 71' lang='lat' dir='ltr'><strong>ut</strong></span> 
     </span>
    </p>
   </div>
   <div class='ocr_carea' id='block_1_2' title="bbox 21 407 822 2798">
    <p class='ocr_par' dir='ltr' id='par_1_2' title="bbox 21 407 822 2798">
     <span class='ocr_line' id='line_1_2' title="bbox 37 407 822 489; baseline 0 -22"><span class='ocrx_word' id='word_1_7' title='bbox 37 407 61 467; x_wconf 92' lang='lat' dir='ltr'><strong>in</strong></span> <span class='ocrx_word' id='word_1_8' title='bbox 80 412 204 488; x_wconf 76' lang='lat' dir='ltr'><strong>aliquam</strong></span> <span class='ocrx_word' id='word_1_9' title='bbox 224 431 284 472; x_wconf 87' lang='lat' dir='ltr'><strong>rem</strong></span> <span class='ocrx_word' id='word_1_10' title='bbox 305 433 401 486; x_wconf 89' lang='lat' dir='ltr'><strong>unam,</strong></span> <span class='ocrx_word' id='word_1_11' title='bbox 416 415 464 472; x_wconf 88' lang='lat' dir='ltr'><strong>sed</strong></span> <span class='ocrx_word' id='word_1_12' title='bbox 487 414 517 472; x_wconf 92' lang='lat' dir='ltr'><strong>in</strong></span> <span class='ocrx_word' id='word_1_13' title='bbox 536 412 632 489; x_wconf 87' lang='lat' dir='ltr'><strong>plures</strong></span> <span class='ocrx_word' id='word_1_14' title='bbox 651 410 735 469; x_wconf 87' lang='lat' dir='ltr'><strong>simul</strong></span> <span class='ocrx_word' id='word_1_15' title='bbox 755 429 822 467; x_wconf 89' lang='lat' dir='ltr'><strong>con·</strong></span> 
     </span>
     <span class='ocr_line' id='line_1_3' title="bbox 35 508 822 586; baseline -0.001 -22"><span class='ocrx_word' id='word_1_16' title='bbox 35 508 141 567; x_wconf 88' lang='lat' dir='ltr'><strong>tinuas:</strong></span> <span class='ocrx_word' id='word_1_17' title='bbox 164 521 204 582; x_wconf 88' lang='lat' dir='ltr'><strong>ut,</strong></span> <span class='ocrx_word' id='word_1_18' title='bbox 218 511 305 586; x_wconf 87' lang='lat' dir='ltr'><strong>siper</strong></span> <span class='ocrx_word' id='word_1_19' title='bbox 320 511 441 586; x_wconf 88' lang='lat' dir='ltr'><strong>aliquam</strong></span> <span class='ocrx_word' id='word_1_20' title='bbox 457 522 564 568; x_wconf 88' lang='lat' dir='ltr'><strong>rectam</strong></span> <span class='ocrx_word' id='word_1_21' title='bbox 583 509 658 566; x_wconf 82' lang='lat' dir='ltr'><strong>viam</strong></span> <span class='ocrx_word' id='word_1_22' title='bbox 677 508 822 565; x_wconf 74' lang='lat' dir='ltr'><strong>mittamus</strong></span> 
     </span>
     <span class='ocr_line' id='line_1_4' title="bbox 35 605 820 682; baseline 0.001 -24"><span class='ocrx_word' id='word_1_23' title='bbox 35 605 137 676; x_wconf 86' lang='lat' dir='ltr'><strong>oculos,</strong></span> <span class='ocrx_word' id='word_1_24' title='bbox 158 605 242 664; x_wconf 88' lang='lat' dir='ltr'><strong>simul</strong></span> <span class='ocrx_word' id='word_1_25' title='bbox 262 607 368 678; x_wconf 87' lang='lat' dir='ltr'><strong>omnia,</strong></span> <span class='ocrx_word' id='word_1_26' title='bbox 390 627 453 682; x_wconf 80' lang='lat' dir='ltr'><strong>quas</strong></span> <span class='ocrx_word' id='word_1_27' title='bbox 474 617 540 664; x_wconf 89' lang='lat' dir='ltr'><strong>sunt</strong></span> <span class='ocrx_word' id='word_1_28' title='bbox 561 607 590 663; x_wconf 91' lang='lat' dir='ltr'><strong>in</strong></span> <span class='ocrx_word' id='word_1_29' title='bbox 615 625 651 662; x_wconf 90' lang='lat' dir='ltr'><strong>ea</strong></span> <span class='ocrx_word' id='word_1_30' title='bbox 675 605 820 678; x_wconf 86' lang='lat' dir='ltr'><strong>circaque,</strong></span> 
     </span>
     <span class='ocr_line' id='line_1_5' title="bbox 34 699 822 774; baseline 0.003 -20"><span class='ocrx_word' id='word_1_31' title='bbox 34 699 181 774; x_wconf 88' lang='lat' dir='ltr'><strong>intuemur,</strong></span> <span class='ocrx_word' id='word_1_32' title='bbox 196 721 253 760; x_wconf 91' lang='lat' dir='ltr'><strong>non</strong></span> <span class='ocrx_word' id='word_1_33' title='bbox 274 704 404 761; x_wconf 88' lang='lat' dir='ltr'><strong>ultimum</strong></span> <span class='ocrx_word' id='word_1_34' title='bbox 425 714 534 761; x_wconf 91' lang='lat' dir='ltr'><strong>tantum</strong></span> <span class='ocrx_word' id='word_1_35' title='bbox 555 704 692 772; x_wconf 86' lang='lat' dir='ltr'><strong>videmus,</strong></span> <span class='ocrx_word' id='word_1_36' title='bbox 706 702 756 759; x_wconf 88' lang='lat' dir='ltr'><strong>sed</strong></span> <span class='ocrx_word' id='word_1_37' title='bbox 777 720 822 757; x_wconf 91' lang='lat' dir='ltr'><strong>us-</strong></span> 
     </span>
     <span class='ocr_line' id='line_1_6' title="bbox 35 797 822 874; baseline 0.001 -21"><span class='ocrx_word' id='word_1_38' title='bbox 35 813 82 870; x_wconf 88' lang='lat' dir='ltr'><strong>que</strong></span> <span class='ocrx_word' id='word_1_39' title='bbox 103 799 139 855; x_wconf 89' lang='lat' dir='ltr'><strong>ad</strong></span> <span class='ocrx_word' id='word_1_40' title='bbox 162 799 301 858; x_wconf 81' lang='lat' dir='ltr'><strong>ultimum.</strong></span> <span class='ocrx_word' id='word_1_41' title='bbox 344 801 390 858; x_wconf 87' lang='lat' dir='ltr'><strong>Ad</strong></span> <span class='ocrx_word' id='word_1_42' title='bbox 405 801 557 858; x_wconf 88' lang='lat' dir='ltr'><strong>dicendum</strong></span> <span class='ocrx_word' id='word_1_43' title='bbox 571 801 656 857; x_wconf 88' lang='lat' dir='ltr'><strong>etiam</strong></span> <span class='ocrx_word' id='word_1_44' title='bbox 670 799 760 874; x_wconf 87' lang='lat' dir='ltr'><strong>pudor</strong></span> <span class='ocrx_word' id='word_1_45' title='bbox 773 797 822 855; x_wconf 89' lang='lat' dir='ltr'><strong>sti·</strong></span> 
     </span>
     <span class='ocr_line' id='line_1_7' title="bbox 33 895 821 972; baseline 0.004 -24"><span class='ocrx_word' id='word_1_46' title='bbox 33 895 119 952; x_wconf 90' lang='lat' dir='ltr'><strong>mulos</strong></span> <span class='ocrx_word' id='word_1_47' title='bbox 130 895 253 953; x_wconf 87' lang='lat' dir='ltr'><strong>habetet</strong></span> <span class='ocrx_word' id='word_1_48' title='bbox 264 896 449 954; x_wconf 88' lang='lat' dir='ltr'><strong>dicendorum</strong></span> <span class='ocrx_word' id='word_1_49' title='bbox 459 907 606 972; x_wconf 86' lang='lat' dir='ltr'><strong>expectata</strong></span> <span class='ocrx_word' id='word_1_50' title='bbox 616 897 691 952; x_wconf 88' lang='lat' dir='ltr'><strong>laus:</strong></span> <span class='ocrx_word' id='word_1_51' title='bbox 707 895 821 952; x_wconf 90' lang='lat' dir='ltr'><strong>mirum·</strong></span> 
     </span>
     <span class='ocr_line' id='line_1_8' title="bbox 32 992 815 1068; baseline 0.003 -22"><span class='ocrx_word' id='word_1_52' title='bbox 32 1007 80 1064; x_wconf 87' lang='lat' dir='ltr'><strong>quc</strong></span> <span class='ocrx_word' id='word_1_53' title='bbox 90 992 181 1048; x_wconf 85' lang='lat' dir='ltr'><strong>videri</strong></span> <span class='ocrx_word' id='word_1_54' title='bbox 191 1002 293 1068; x_wconf 88' lang='lat' dir='ltr'><strong>potest,</strong></span> <span class='ocrx_word' id='word_1_55' title='bbox 301 994 386 1068; x_wconf 92' lang='lat' dir='ltr'><strong>quod,</strong></span> <span class='ocrx_word' id='word_1_56' title='bbox 397 1011 461 1050; x_wconf 88' lang='lat' dir='ltr'><strong>cum</strong></span> <span class='ocrx_word' id='word_1_57' title='bbox 473 994 554 1050; x_wconf 85' lang='lat' dir='ltr'><strong>stilus</strong></span> <span class='ocrx_word' id='word_1_58' title='bbox 564 1003 675 1050; x_wconf 85' lang='lat' dir='ltr'><strong>secreto</strong></span> <span class='ocrx_word' id='word_1_59' title='bbox 688 992 815 1068; x_wconf 86' lang='lat' dir='ltr'><strong>gaudeat,</strong></span> 
     </span>
     <span class='ocr_line' id='line_1_9' title="bbox 32 1088 820 1163; baseline 0.003 -21"><span class='ocrx_word' id='word_1_60' title='bbox 32 1097 110 1162; x_wconf 89' lang='lat' dir='ltr'><strong>atque</strong></span> <span class='ocrx_word' id='word_1_61' title='bbox 143 1105 243 1146; x_wconf 86' lang='lat' dir='ltr'><strong>omnes</strong></span> <span class='ocrx_word' id='word_1_62' title='bbox 277 1090 396 1147; x_wconf 79' lang='lat' dir='ltr'>arbitros</span> <span class='ocrx_word' id='word_1_63' title='bbox 422 1089 596 1161; x_wconf 85' lang='lat' dir='ltr'><strong>reformidet,</strong></span> <span class='ocrx_word' id='word_1_64' title='bbox 622 1088 820 1163; x_wconf 80' lang='lat' dir='ltr'><strong>extemporalis</strong></span> 
     </span>
     <span class='ocr_line' id='line_1_10' title="bbox 33 1184 818 1260; baseline 0.003 -22"><span class='ocrx_word' id='word_1_65' title='bbox 33 1184 104 1240; x_wconf 89' lang='lat' dir='ltr'><strong>actio</strong></span> <span class='ocrx_word' id='word_1_66' title='bbox 132 1184 293 1242; x_wconf 88' lang='lat' dir='ltr'><strong>auditorum</strong></span> <span class='ocrx_word' id='word_1_67' title='bbox 321 1185 487 1260; x_wconf 83' lang='lat' dir='ltr'><strong>frequentia,</strong></span> <span class='ocrx_word' id='word_1_68' title='bbox 516 1195 547 1242; x_wconf 88' lang='lat' dir='ltr'><strong>ut</strong></span> <span class='ocrx_word' id='word_1_69' title='bbox 573 1184 655 1241; x_wconf 87' lang='lat' dir='ltr'><strong>miles</strong></span> <span class='ocrx_word' id='word_1_70' title='bbox 681 1193 818 1259; x_wconf 82' lang='lat' dir='ltr'><strong>congestu</strong></span> 
     </span>
     <span class='ocr_line' id='line_1_11' title="bbox 29 1278 819 1355; baseline 0.001 -21"><span class='ocrx_word' id='word_1_71' title='bbox 29 1278 182 1354; x_wconf 85' lang='lat' dir='ltr'><strong>signorum,</strong></span> <span class='ocrx_word' id='word_1_72' title='bbox 193 1281 340 1339; x_wconf 88' lang='lat' dir='ltr'><strong>excitatur.</strong></span> <span class='ocrx_word' id='word_1_73' title='bbox 383 1283 427 1339; x_wconf 82' lang='lat'><strong>17.</strong></span> <span class='ocrx_word' id='word_1_74' title='bbox 449 1279 583 1355; x_wconf 88' lang='lat' dir='ltr'><strong>Namque</strong></span> <span class='ocrx_word' id='word_1_75' title='bbox 593 1289 621 1336; x_wconf 90' lang='lat' dir='ltr'><strong>et</strong></span> <span class='ocrx_word' id='word_1_76' title='bbox 631 1279 819 1336; x_wconf 85' lang='lat' dir='ltr'><strong>difficiliorem</strong></span> 
     </span>
     <span class='ocr_line' id='line_1_12' title="bbox 30 1373 820 1453; baseline 0.003 -24"><span class='ocrx_word' id='word_1_77' title='bbox 30 1375 229 1452; x_wconf 80' lang='lat' dir='ltr'><strong>cogitationem</strong></span> <span class='ocrx_word' id='word_1_78' title='bbox 243 1378 376 1453; x_wconf 81' lang='lat' dir='ltr'><strong>exprimit</strong></span> <span class='ocrx_word' id='word_1_79' title='bbox 390 1388 418 1436; x_wconf 90' lang='lat' dir='ltr'><strong>et</strong></span> <span class='ocrx_word' id='word_1_80' title='bbox 431 1376 549 1452; x_wconf 84' lang='lat' dir='ltr'><strong>expellit</strong></span> <span class='ocrx_word' id='word_1_81' title='bbox 562 1376 676 1433; x_wconf 86' lang='lat' dir='ltr'><strong>dicendi</strong></span> <span class='ocrx_word' id='word_1_82' title='bbox 697 1373 820 1432; x_wconf 81' lang='lat' dir='ltr'><strong>necessi·</strong></span> 
     </span>
     <span class='ocr_line' id='line_1_13' title="bbox 29 1472 817 1550; baseline 0.004 -23"><span class='ocrx_word' id='word_1_83' title='bbox 29 1480 76 1543; x_wconf 88' lang='lat' dir='ltr'><strong>tas,</strong></span> <span class='ocrx_word' id='word_1_84' title='bbox 91 1483 121 1530; x_wconf 88' lang='lat' dir='ltr'><strong>et</strong></span> <span class='ocrx_word' id='word_1_85' title='bbox 141 1474 283 1532; x_wconf 89' lang='lat' dir='ltr'><strong>secundos</strong></span> <span class='ocrx_word' id='word_1_86' title='bbox 304 1475 425 1550; x_wconf 88' lang='lat' dir='ltr'><strong>impetus</strong></span> <span class='ocrx_word' id='word_1_87' title='bbox 447 1484 532 1550; x_wconf 85' lang='lat' dir='ltr'><strong>auget</strong></span> <span class='ocrx_word' id='word_1_88' title='bbox 551 1473 682 1550; x_wconf 89' lang='lat' dir='ltr'><strong>placendi</strong></span> <span class='ocrx_word' id='word_1_89' title='bbox 704 1472 817 1548; x_wconf 90' lang='lat' dir='ltr'><strong>cupido.</strong></span> 
     </span>
     <span class='ocr_line' id='line_1_14' title="bbox 30 1566 819 1646; baseline 0.006 -23"><span class='ocrx_word' id='word_1_90' title='bbox 30 1566 109 1626; x_wconf 83' lang='lat' dir='ltr'><strong>Adeo</strong></span> <span class='ocrx_word' id='word_1_91' title='bbox 135 1571 283 1646; x_wconf 73' lang='lat' dir='ltr'><strong>praemium</strong></span> <span class='ocrx_word' id='word_1_92' title='bbox 310 1571 405 1628; x_wconf 86' lang='lat' dir='ltr'><strong>omnia</strong></span> <span class='ocrx_word' id='word_1_93' title='bbox 431 1580 571 1646; x_wconf 85' lang='lat' dir='ltr'><strong>spectant,</strong></span> <span class='ocrx_word' id='word_1_94' title='bbox 599 1580 631 1627; x_wconf 87' lang='lat' dir='ltr'><strong>ut</strong></span> <span class='ocrx_word' id='word_1_95' title='bbox 657 1570 819 1646; x_wconf 86' lang='lat' dir='ltr'><strong>eloquentia</strong></span> 
     </span>
     <span class='ocr_line' id='line_1_15' title="bbox 29 1665 820 1743; baseline 0.004 -23"><span class='ocrx_word' id='word_1_96' title='bbox 29 1681 148 1741; x_wconf 88' lang='lat' dir='ltr'><strong>quoque,</strong></span> <span class='ocrx_word' id='word_1_97' title='bbox 163 1685 324 1742; x_wconf 87' lang='lat' dir='ltr'><strong>quanquam</strong></span> <span class='ocrx_word' id='word_1_98' title='bbox 338 1667 492 1742; x_wconf 89' lang='lat' dir='ltr'><strong>plurimum</strong></span> <span class='ocrx_word' id='word_1_99' title='bbox 507 1667 607 1725; x_wconf 86' lang='lat' dir='ltr'><strong>lrabeat</strong></span> <span class='ocrx_word' id='word_1_100' title='bbox 622 1667 651 1724; x_wconf 90' lang='lat' dir='ltr'><strong>in</strong></span> <span class='ocrx_word' id='word_1_101' title='bbox 671 1686 703 1725; x_wconf 88' lang='lat' dir='ltr'><strong>se</strong></span> <span class='ocrx_word' id='word_1_102' title='bbox 723 1665 820 1743; x_wconf 87' lang='lat' dir='ltr'><strong>volup-</strong></span> 
     </span>
     <span class='ocr_line' id='line_1_16' title="bbox 29 1761 820 1839; baseline 0.006 -24"><span class='ocrx_word' id='word_1_103' title='bbox 29 1761 99 1834; x_wconf 88' lang='lat' dir='ltr'><strong>tatis,</strong></span> <span class='ocrx_word' id='word_1_104' title='bbox 115 1763 237 1820; x_wconf 83' lang='lat' dir='ltr'><strong>ruaxime</strong></span> <span class='ocrx_word' id='word_1_105' title='bbox 251 1774 345 1821; x_wconf 88' lang='lat' dir='ltr'><strong>tamen</strong></span> <span class='ocrx_word' id='word_1_106' title='bbox 359 1764 489 1838; x_wconf 76' lang='lat' dir='ltr'><strong>presenti</strong></span> <span class='ocrx_word' id='word_1_107' title='bbox 504 1764 599 1821; x_wconf 92' lang='lat' dir='ltr'><strong>fructu</strong></span> <span class='ocrx_word' id='word_1_108' title='bbox 618 1763 710 1821; x_wconf 87' lang='lat' dir='ltr'><strong>laudis</strong></span> <span class='ocrx_word' id='word_1_109' title='bbox 729 1763 820 1839; x_wconf 84' lang='lat' dir='ltr'><strong>opini-</strong></span> 
     </span>
     <span class='ocr_line' id='line_1_17' title="bbox 28 1857 818 1935; baseline 0.006 -24"><span class='ocrx_word' id='word_1_110' title='bbox 28 1857 145 1933; x_wconf 87' lang='lat' dir='ltr'><strong>onisque</strong></span> <span class='ocrx_word' id='word_1_111' title='bbox 172 1859 299 1916; x_wconf 88' lang='lat' dir='ltr'><strong>ducatur.</strong></span> <span class='ocrx_word' id='word_1_112' title='bbox 357 1860 401 1916; x_wconf 80' lang='lat'><strong>18.</strong></span> <span class='ocrx_word' id='word_1_113' title='bbox 435 1859 501 1917; x_wconf 90' lang='lat' dir='ltr'><strong>Nec</strong></span> <span class='ocrx_word' id='word_1_114' title='bbox 527 1861 677 1935; x_wconf 90' lang='lat' dir='ltr'><strong>quisquam</strong></span> <span class='ocrx_word' id='word_1_115' title='bbox 708 1871 818 1917; x_wconf 87' lang='lat' dir='ltr'><strong>tantum</strong></span> 
     </span>
     <span class='ocr_line' id='line_1_18' title="bbox 28 1950 819 2030; baseline 0.008 -24"><span class='ocrx_word' id='word_1_116' title='bbox 28 1950 90 2010; x_wconf 88' lang='lat' dir='ltr'><strong>fidat</strong></span> <span class='ocrx_word' id='word_1_117' title='bbox 118 1954 245 2030; x_wconf 84' lang='lat' dir='ltr'><strong>ingenio,</strong></span> <span class='ocrx_word' id='word_1_118' title='bbox 266 1965 298 2012; x_wconf 90' lang='lat' dir='ltr'><strong>ut</strong></span> <span class='ocrx_word' id='word_1_119' title='bbox 318 1953 347 2011; x_wconf 92' lang='lat' dir='ltr'><strong>id</strong></span> <span class='ocrx_word' id='word_1_120' title='bbox 368 1955 422 2011; x_wconf 91' lang='lat' dir='ltr'><strong>sibi</strong></span> <span class='ocrx_word' id='word_1_121' title='bbox 442 1965 536 2030; x_wconf 88' lang='lat' dir='ltr'><strong>speret</strong></span> <span class='ocrx_word' id='word_1_122' title='bbox 556 1954 704 2030; x_wconf 85' lang='lat' dir='ltr'><strong>incipienti</strong></span> <span class='ocrx_word' id='word_1_123' title='bbox 724 1955 819 2012; x_wconf 89' lang='lat' dir='ltr'><strong>statim</strong></span> 
     </span>
     <span class='ocr_line' id='line_1_19' title="bbox 25 2051 819 2128; baseline 0.003 -23"><span class='ocrx_word' id='word_1_124' title='bbox 25 2065 105 2122; x_wconf 86' lang='lat' dir='ltr'><strong>posse</strong></span> <span class='ocrx_word' id='word_1_125' title='bbox 126 2051 311 2128; x_wconf 86' lang='lat' dir='ltr'><strong>contingere;</strong></span> <span class='ocrx_word' id='word_1_126' title='bbox 333 2051 392 2122; x_wconf 89' lang='lat' dir='ltr'><strong>sed,</strong></span> <span class='ocrx_word' id='word_1_127' title='bbox 413 2051 488 2108; x_wconf 89' lang='lat' dir='ltr'><strong>sicut</strong></span> <span class='ocrx_word' id='word_1_128' title='bbox 509 2052 538 2107; x_wconf 91' lang='lat' dir='ltr'><strong>in</strong></span> <span class='ocrx_word' id='word_1_129' title='bbox 558 2051 731 2126; x_wconf 79' lang='lat' dir='ltr'><strong>cogitatione</strong></span> <span class='ocrx_word' id='word_1_130' title='bbox 750 2069 819 2125; x_wconf 76' lang='lat' dir='ltr'><strong>praa-</strong></span> 
     </span>
     <span class='ocr_line' id='line_1_20' title="bbox 27 2143 818 2220; baseline 0.005 -21"><span class='ocrx_word' id='word_1_131' title='bbox 27 2143 156 2220; x_wconf 89' lang='lat' dir='ltr'><strong>cipimus,</strong></span> <span class='ocrx_word' id='word_1_132' title='bbox 178 2145 218 2202; x_wconf 88' lang='lat' dir='ltr'><strong>ita</strong></span> <span class='ocrx_word' id='word_1_133' title='bbox 245 2147 408 2204; x_wconf 75' lang='lat' dir='ltr'><strong>facilitatem</strong></span> <span class='ocrx_word' id='word_1_134' title='bbox 436 2146 655 2220; x_wconf 86' lang='lat' dir='ltr'><strong>extemporalem</strong></span> <span class='ocrx_word' id='word_1_135' title='bbox 683 2164 699 2202; x_wconf 89' lang='lat' dir='ltr'><strong>a</strong></span> <span class='ocrx_word' id='word_1_136' title='bbox 725 2145 818 2220; x_wconf 83' lang='lat' dir='ltr'><strong>parvis</strong></span> 
     </span>
     <span class='ocr_line' id='line_1_21' title="bbox 25 2239 818 2318; baseline 0.005 -23"><span class='ocrx_word' id='word_1_137' title='bbox 25 2239 113 2298; x_wconf 85' lang='lat' dir='ltr'><strong>initiis</strong></span> <span class='ocrx_word' id='word_1_138' title='bbox 140 2241 274 2318; x_wconf 74' lang='lat' dir='ltr'><strong>paullatim</strong></span> <span class='ocrx_word' id='word_1_139' title='bbox 301 2243 490 2318; x_wconf 87' lang='lat' dir='ltr'><strong>perducemus</strong></span> <span class='ocrx_word' id='word_1_140' title='bbox 517 2242 550 2298; x_wconf 92' lang='lat' dir='ltr'><strong>ad</strong></span> <span class='ocrx_word' id='word_1_141' title='bbox 572 2260 728 2298; x_wconf 87' lang='lat' dir='ltr'><strong>summam:</strong></span> <span class='ocrx_word' id='word_1_142' title='bbox 755 2260 818 2316; x_wconf 74' lang='lat' dir='ltr'><strong>quat</strong></span> 
     </span>
     <span class='ocr_line' id='line_1_22' title="bbox 24 2337 816 2413; baseline 0.008 -22"><span class='ocrx_word' id='word_1_143' title='bbox 24 2353 116 2413; x_wconf 88' lang='lat' dir='ltr'><strong>neque</strong></span> <span class='ocrx_word' id='word_1_144' title='bbox 136 2338 251 2413; x_wconf 85' lang='lat' dir='ltr'><strong>perfici,</strong></span> <span class='ocrx_word' id='word_1_145' title='bbox 272 2357 365 2413; x_wconf 87' lang='lat' dir='ltr'><strong>neque</strong></span> <span class='ocrx_word' id='word_1_146' title='bbox 386 2338 536 2408; x_wconf 85' lang='lat' dir='ltr'><strong>contineri,</strong></span> <span class='ocrx_word' id='word_1_147' title='bbox 557 2337 611 2394; x_wconf 87' lang='lat' dir='ltr'><strong>nisi</strong></span> <span class='ocrx_word' id='word_1_148' title='bbox 633 2357 696 2409; x_wconf 89' lang='lat' dir='ltr'><strong>usu,</strong></span> <span class='ocrx_word' id='word_1_149' title='bbox 716 2349 816 2413; x_wconf 86' lang='lat' dir='ltr'><strong>potest.</strong></span> 
     </span>
     <span class='ocr_line' id='line_1_23' title="bbox 24 2432 818 2510; baseline 0.008 -23"><span class='ocrx_word' id='word_1_150' title='bbox 24 2433 65 2490; x_wconf 84' lang='lat'><strong>19.</strong></span> <span class='ocrx_word' id='word_1_151' title='bbox 89 2432 227 2492; x_wconf 84' lang='lat' dir='ltr'><strong>Ceterum</strong></span> <span class='ocrx_word' id='word_1_152' title='bbox 247 2434 394 2510; x_wconf 89' lang='lat' dir='ltr'><strong>pervenire</strong></span> <span class='ocrx_word' id='word_1_153' title='bbox 407 2453 442 2491; x_wconf 89' lang='lat' dir='ltr'><strong>eo</strong></span> <span class='ocrx_word' id='word_1_154' title='bbox 456 2434 550 2505; x_wconf 89' lang='lat' dir='ltr'><strong>debet,</strong></span> <span class='ocrx_word' id='word_1_155' title='bbox 565 2445 595 2490; x_wconf 91' lang='lat' dir='ltr'><strong>ut</strong></span> <span class='ocrx_word' id='word_1_156' title='bbox 610 2434 746 2510; x_wconf 81' lang='lat' dir='ltr'><strong>cogitatio</strong></span> <span class='ocrx_word' id='word_1_157' title='bbox 759 2454 818 2494; x_wconf 89' lang='lat' dir='ltr'><strong>nou</strong></span> 
     </span>
     <span class='ocr_line' id='line_1_24' title="bbox 23 2529 819 2605; baseline 0.005 -20"><span class='ocrx_word' id='word_1_158' title='bbox 23 2529 121 2605; x_wconf 89' lang='lat' dir='ltr'><strong>utique</strong></span> <span class='ocrx_word' id='word_1_159' title='bbox 134 2531 234 2588; x_wconf 90' lang='lat' dir='ltr'><strong>melior</strong></span> <span class='ocrx_word' id='word_1_160' title='bbox 248 2531 284 2588; x_wconf 87' lang='lat' dir='ltr'><strong>sit</strong></span> <span class='ocrx_word' id='word_1_161' title='bbox 304 2549 347 2602; x_wconf 89' lang='lat' dir='ltr'><strong>ea,</strong></span> <span class='ocrx_word' id='word_1_162' title='bbox 362 2531 411 2588; x_wconf 90' lang='lat' dir='ltr'><strong>sed</strong></span> <span class='ocrx_word' id='word_1_163' title='bbox 431 2530 534 2600; x_wconf 87' lang='lat' dir='ltr'><strong>tutior;</strong></span> <span class='ocrx_word' id='word_1_164' title='bbox 556 2549 622 2587; x_wconf 90' lang='lat' dir='ltr'><strong>cum</strong></span> <span class='ocrx_word' id='word_1_165' title='bbox 642 2531 716 2588; x_wconf 89' lang='lat' dir='ltr'><strong>hano</strong></span> <span class='ocrx_word' id='word_1_166' title='bbox 731 2531 819 2589; x_wconf 88' lang='lat' dir='ltr'><strong>felici·</strong></span> 
     </span>
     <span class='ocr_line' id='line_1_25' title="bbox 21 2627 817 2702; baseline 0.006 -21"><span class='ocrx_word' id='word_1_167' title='bbox 21 2635 109 2684; x_wconf 88' lang='lat' dir='ltr'><strong>tatem</strong></span> <span class='ocrx_word' id='word_1_168' title='bbox 128 2645 188 2684; x_wconf 89' lang='lat' dir='ltr'><strong>non</strong></span> <span class='ocrx_word' id='word_1_169' title='bbox 207 2646 292 2702; x_wconf 86' lang='lat' dir='ltr'><strong>prosa</strong></span> <span class='ocrx_word' id='word_1_170' title='bbox 306 2627 390 2686; x_wconf 89' lang='lat' dir='ltr'><strong>ruodo</strong></span> <span class='ocrx_word' id='word_1_171' title='bbox 410 2627 492 2684; x_wconf 89' lang='lat' dir='ltr'><strong>multi</strong></span> <span class='ocrx_word' id='word_1_172' title='bbox 512 2627 569 2684; x_wconf 88' lang='lat' dir='ltr'><strong>sint</strong></span> <span class='ocrx_word' id='word_1_173' title='bbox 589 2628 746 2700; x_wconf 81' lang='lat' dir='ltr'><strong>consecuti,</strong></span> <span class='ocrx_word' id='word_1_174' title='bbox 767 2628 817 2686; x_wconf 88' lang='lat' dir='ltr'><strong>sed</strong></span> 
     </span>
     <span class='ocr_line' id='line_1_26' title="bbox 21 2721 818 2798; baseline 0.004 -21"><span class='ocrx_word' id='word_1_175' title='bbox 21 2721 106 2779; x_wconf 87' lang='lat' dir='ltr'><strong>etiarn</strong></span> <span class='ocrx_word' id='word_1_176' title='bbox 121 2723 258 2794; x_wconf 88' lang='lat' dir='ltr'><strong>carmine,</strong></span> <span class='ocrx_word' id='word_1_177' title='bbox 274 2733 304 2781; x_wconf 86' lang='lat' dir='ltr'><strong>ut</strong></span> <span class='ocrx_word' id='word_1_178' title='bbox 318 2723 468 2798; x_wconf 83' lang='lat' dir='ltr'><strong>Antipater</strong></span> <span class='ocrx_word' id='word_1_179' title='bbox 483 2723 629 2794; x_wconf 86' lang='lat' dir='ltr'><strong>Sidonius,</strong></span> <span class='ocrx_word' id='word_1_180' title='bbox 644 2735 674 2780; x_wconf 89' lang='lat' dir='ltr'><strong>et</strong></span> <span class='ocrx_word' id='word_1_181' title='bbox 687 2723 818 2781; x_wconf 89' lang='lat' dir='ltr'><strong>Licinius</strong></span> 
     </span>
    </p>
   </div>
   <div class='ocr_carea' id='block_1_3' title="bbox 20 2819 908 2893">
    <p class='ocr_par' dir='ltr' id='par_1_3' title="bbox 20 2819 908 2893">
     <span class='ocr_line' id='line_1_27' title="bbox 20 2819 908 2893; baseline 0.001 -19"><span class='ocrx_word' id='word_1_182' title='bbox 20 2819 161 2876; x_wconf 86' lang='lat' dir='ltr'><strong>Archias:</strong></span> <span class='ocrx_word' id='word_1_183' title='bbox 176 2820 349 2879; x_wconf 88' lang='lat' dir='ltr'><strong>credendum</strong></span> <span class='ocrx_word' id='word_1_184' title='bbox 364 2820 439 2878; x_wconf 90' lang='lat' dir='ltr'><strong>enim</strong></span> <span class='ocrx_word' id='word_1_185' title='bbox 454 2819 590 2876; x_wconf 88' lang='lat' dir='ltr'><strong>Ciceroni</strong></span> <span class='ocrx_word' id='word_1_186' title='bbox 604 2829 645 2876; x_wconf 86' lang='lat' dir='ltr'><strong>est</strong></span> <span class='ocrx_word' id='word_1_187' title='bbox 658 2839 665 2876; x_wconf 74' lang='grc' dir='ltr'>ε</span> <span class='ocrx_word' id='word_1_188' title='bbox 679 2838 736 2875; x_wconf 92' lang='lat' dir='ltr'><strong>nou</strong></span> <span class='ocrx_word' id='word_1_189' title='bbox 751 2819 817 2893; x_wconf 92' lang='lat' dir='ltr'><strong>quia</strong></span> <span class='ocrx_word' id='word_1_190' title='bbox 904 2831 908 2838; x_wconf 86' lang='lat'>&#39;</span> 
     </span>
    </p>
   </div>
   <div class='ocr_carea' id='block_1_4' title="bbox 18 2911 815 3086">
    <p class='ocr_par' dir='ltr' id='par_1_4' title="bbox 18 2911 815 3086">
     <span class='ocr_line' id='line_1_28' title="bbox 20 2911 815 2990; baseline -0.003 -23"><span class='ocrx_word' id='word_1_191' title='bbox 20 2913 125 2970; x_wconf 89' lang='lat' dir='ltr'><strong>nostris</strong></span> <span class='ocrx_word' id='word_1_192' title='bbox 138 2931 252 2990; x_wconf 87' lang='lat' dir='ltr'><strong>quoque</strong></span> <span class='ocrx_word' id='word_1_193' title='bbox 266 2913 440 2990; x_wconf 88' lang='lat' dir='ltr'><strong>temporibus</strong></span> <span class='ocrx_word' id='word_1_194' title='bbox 454 2930 511 2968; x_wconf 90' lang='lat' dir='ltr'><strong>nou</strong></span> <span class='ocrx_word' id='word_1_195' title='bbox 525 2922 554 2968; x_wconf 87' lang='lat' dir='ltr'><strong>et</strong></span> <span class='ocrx_word' id='word_1_196' title='bbox 569 2911 688 2968; x_wconf 89' lang='lat' dir='ltr'><strong>fecerint</strong></span> <span class='ocrx_word' id='word_1_197' title='bbox 701 2911 815 2984; x_wconf 88' lang='lat' dir='ltr'><strong>quidam</strong></span> 
     </span>
     <span class='ocr_line' id='line_1_29' title="bbox 18 3004 813 3086; baseline -0.01 -20"><span class='ocrx_word' id='word_1_198' title='bbox 18 3007 83 3083; x_wconf 87' lang='lat' dir='ltr'><strong>hoc,</strong></span> <span class='ocrx_word' id='word_1_199' title='bbox 114 3021 143 3070; x_wconf 91' lang='lat' dir='ltr'><strong>et</strong></span> <span class='ocrx_word' id='word_1_200' title='bbox 169 3009 291 3070; x_wconf 85' lang='lat' dir='ltr'><strong>faciant:</strong></span> <span class='ocrx_word' id='word_1_201' title='bbox 327 3009 403 3086; x_wconf 90' lang='lat' dir='ltr'><strong>quod</strong></span> <span class='ocrx_word' id='word_1_202' title='bbox 434 3018 530 3066; x_wconf 88' lang='lat' dir='ltr'><strong>tamen</strong></span> <span class='ocrx_word' id='word_1_203' title='bbox 555 3023 613 3063; x_wconf 91' lang='lat' dir='ltr'><strong>non</strong></span> <span class='ocrx_word' id='word_1_204' title='bbox 640 3004 731 3078; x_wconf 85' lang='lat' dir='ltr'><strong>ipsum</strong></span> <span class='ocrx_word' id='word_1_205' title='bbox 757 3012 813 3059; x_wconf 87' lang='lat' dir='ltr'><strong>tam</strong></span> 
     </span>
    </p>
   </div>
   <div class='ocr_carea' id='block_1_5' title="bbox 0 0 996 3342">
    <p class='ocr_par' dir='ltr' id='par_1_5' title="bbox 0 0 996 3342">
     <span class='ocr_line' id='line_1_30' title="bbox 0 0 996 3342; baseline 0 3"><span class='ocrx_word' id='word_1_206' title='bbox 0 0 996 3342; x_wconf 95' lang='lat' dir='ltr'><strong> </strong></span> 
     </span>
    </p>
   </div>
  </div>
 </body>
</html>
