1984 3342
160 221 198 281 12
384 227 419 275 Μ.
439 227 509 274 rna.
529 226 737 284 curn'rnmm

156 376 268 455 judicia
294 379 353 435 non
380 377 513 436 referant.
568 377 672 436 Lectio
703 378 795 436 libera
821 387 875 447 est,
901 393 954 436 nec
988 440 989 475 ,

159 474 281 531 actionis
299 474 407 551 impetu
427 475 613 532 transcurrit:
635 475 685 532 sed
707 485 836 551 repetere
855 475 954 551 saepius

158 570 236 641 licet,
258 570 317 628 sive
341 570 463 642 dubites,
483 571 543 628 sive
567 571 713 628 memorie
738 571 852 650 affigere
876 571 951 628 velis.

158 665 336 742 Repetamus
348 678 442 724 autem
455 679 483 724 et
493 676 659 738 tractemus,
669 676 698 724 et
708 678 741 724 ut
751 667 833 724 cibos
843 684 954 724 mansos
988 684 989 745 ᾗ

158 781 192 819 ac
225 781 314 838 prope
347 763 518 838 liquefactos
545 763 731 835 demittimus,
759 783 817 840 qno
843 764 954 822 facilius

158 859 332 936 digerantur,
354 859 394 916 ita
421 859 509 917 lectio
528 879 586 916 non
607 860 706 932 cruda,
726 860 777 918 scd
797 859 886 917 multa
905 860 955 916 ite·

156 955 268 1013 ratione
283 955 391 1014 mollita
405 967 433 1014 et
447 957 525 1014 velut
545 957 690 1029 confecta,
704 957 850 1014 memoriae
863 956 955 1014 imita·
988 988 989 1061 p

156 1052 285 1128 tionique
300 1053 435 1111 tradatur.
988 1066 989 1087 ¹

194 1150 242 1208 20.
271 1151 318 1207 Ac
340 1150 390 1207 diu
411 1169 468 1208 non
489 1150 545 1208 nisi
566 1151 692 1226 optimus
711 1150 842 1226 quisque,
856 1160 886 1209 et
903 1149 955 1228 qui

156 1249 320 1306 credentem
342 1248 396 1306 sibi
420 1249 539 1306 minime
560 1249 647 1320 fallat,
668 1249 805 1324 legendus
831 1259 883 1320 est,
903 1247 956 1307 sed

155 1347 317 1423 diligenter,
342 1366 376 1404 ac
395 1365 477 1422 paene
501 1347 536 1404 ad
556 1345 701 1403 scribendi
721 1344 953 1402 solicitudinem:

154 1464 211 1503 nec
228 1464 279 1521 per
300 1455 395 1521 partes
413 1446 500 1501 modo
521 1444 675 1501 scrutanda
692 1443 798 1514 omnia,
819 1444 871 1500 sed
889 1463 956 1519 per·
988 1456 989 1471 ¹

155 1543 247 1599 lectus
269 1541 340 1598 liber
354 1541 454 1614 utique
469 1559 505 1597 ex
518 1541 630 1616 integro
644 1541 840 1610 resumendus,
854 1542 957 1615 preci·
988 1536 989 1539 ¹

154 1656 210 1714 pue
225 1637 327 1710 oratio,
342 1635 424 1712 cujus
438 1635 557 1693 virtutes
571 1636 734 1709 frequenter
756 1655 791 1694 ex
811 1637 956 1696 industria

155 1753 269 1809 quoque
293 1733 485 1790 occultantur.
526 1733 575 1790 21.
597 1732 681 1807 Saepe
701 1733 779 1790 eninr
801 1746 955 1813 preparat,

155 1829 323 1901 dissimulat,
338 1829 489 1886 insidiatur
504 1837 608 1900 orator,
623 1847 713 1903 eaque
727 1829 757 1886 in
769 1829 862 1904 prime
870 1841 957 1905 parte

156 1925 278 1982 actionis
305 1925 385 1996 dicit,
413 1945 477 1999 quae
505 1934 572 1982 sunt
598 1925 628 1982 in
656 1944 766 1982 summa
791 1925 955 2000 proditura„

154 2021 256 2098 Itaque
282 2041 335 2080 suo
360 2022 426 2079 loco
453 2022 548 2079 minus
574 2022 700 2098 placent,
727 2021 822 2079 adhuc
854 2024 955 2093 nobis,
988 2042 989 2045 ’

155 2138 242 2195 quare
268 2119 347 2176 dicte
372 2119 437 2190 sint,
465 2119 678 2195 ignorantibus:
713 2118 834 2193 ideoque
866 2131 957 2179 erunt
988 2154 990 2229 p

155 2216 279 2293 cognitis
305 2215 438 2273 omnibus
471 2214 634 2290 repetenda.
687 2215 736 2272 22.
770 2214 847 2271 Illud
880 2237 957 2276 vero
988 2238 989 2293 ι

154 2313 347 2384 utilissimum,
362 2330 446 2369 nosse
466 2329 515 2368 cas
533 2329 645 2382 causas,
665 2329 786 2384 quarum
805 2313 957 2372 orationes
988 2326 990 2419 p

154 2409 184 2466 in
212 2428 312 2466 manus
345 2408 548 2466 sumserimus:
582 2417 612 2465 et
645 2408 757 2482 quoties
790 2409 956 2486 continget,
988 2434 989 2437 ¹

153 2507 288 2583 utrinque
301 2507 413 2564 habitas
427 2507 522 2583 legere
537 2506 681 2564 actiones:
702 2516 735 2563 ut
743 2506 956 2566 Demosthenis
988 2508 990 2579 ᾗ

155 2613 239 2679 atque
260 2603 407 2661 AEschinis
435 2602 509 2660 inter
535 2621 566 2660 se
592 2603 769 2661 contrarias:
797 2611 826 2659 et
852 2603 957 2662 Servii
988 2598 989 2601 ’

154 2700 277 2776 Sulpicii
298 2710 382 2776 atque
401 2699 544 2771 Messalae,
559 2685 681 2774 quorum
702 2701 772 2756 alter
791 2717 844 2774 pro
867 2699 958 2758 Auli-
988 2684 990 2717 ξ

154 2795 211 2868 dis,
226 2807 326 2854 contra
346 2797 418 2854 dixit
438 2797 526 2854 ulter:
546 2805 576 2852 et
595 2794 735 2852 Pollionis
748 2804 778 2852 et
790 2795 887 2853 Cassii
898 2815 960 2856 reo

154 2893 324 2971 Asprenate,
346 2893 471 2968 aliasque
490 2891 636 2967 plurimas.
677 2890 724 2949 23.
744 2891 827 2954 Quin
848 2893 961 2968 etiam,
988 2898 990 2934 ἓ

163 2991 180 3050 ri
192 2990 287 3051 minus
299 3008 381 3069 peres
395 2989 577 3062 ridebuntur,
592 2987 693 3066 alique
706 2998 803 3048 tamen
823 2987 861 3047 ad
880 3007 964 3070 cog-
