1984 3342
223 268 305 317 mse.
323 270 460 317 ommon.
481 270 542 317 ΗΒ.
561 268 605 317 xl:
622 272 643 315 2.
774 262 830 322 105

37 436 182 479 memorre
209 421 297 479 orriri
349 420 397 478 26.
424 419 502 477 Nam
528 421 672 495 quomodo
696 429 831 496 poterunt

37 517 170 592 copulato
183 515 281 581 fluere,
295 515 320 573 si
333 526 447 591 propter
460 517 575 593 singulo
588 518 672 575 verba
686 517 721 573 od
735 517 831 594 singu·
892 584 895 587 ⁴

36 612 75 669 las
103 612 210 671 formes
228 612 439 687 respiciendum
460 614 534 670 eriri
572 614 674 675 Quare
693 624 722 671 et
742 614 831 671 Cher·

36 708 134 765 medes
146 718 175 767 et
190 709 335 784 Scepsim,
344 709 380 766 de
393 726 450 783 quo
463 710 551 766 modo
560 710 629 780 dixi,
638 709 829 781 Metrodorus,

35 823 106 879 quos
134 805 241 863 Oioero
261 804 333 863 dioit
358 822 426 863 usos
452 806 507 863 hae
533 807 748 877 exercitatione,
774 806 830 863 eibi

37 901 160 959 habeant
186 920 254 959 oue:
282 920 335 959 noe
361 902 536 977 simpliciore
560 903 712 960 tradamus.

70 999 121 1057 27.
150 998 186 1057 Si
212 999 324 1075 longior
352 999 568 1075 eompleotendr
589 999 726 1057 memorie
745 1000 831 1058 fuerit

36 1096 136 1163 oratio,
150 1095 278 1171 proderit
290 1114 341 1171 per
354 1107 447 1171 partes
460 1096 605 1153 ediscere:
626 1096 735 1153 loborat
753 1097 830 1154 enim

37 1194 160 1253 maxime
173 1212 276 1251 onere:
296 1204 327 1253 et
340 1194 383 1251 hae
396 1206 490 1271 partes
504 1212 562 1251 non
576 1194 634 1251 rint
652 1194 830 1270 perexiguo:

37 1290 143 1366 alioqui
158 1308 254 1348 ιιιιιιιι
267 1291 363 1348 multe
376 1300 469 1361 erunt,
483 1301 513 1347 et
525 1308 588 1347 earn
602 1290 779 1365 distinguent
792 1298 833 1347 nt·

36 1404 90 1461 que
103 1386 268 1445 oonoideot.
309 1386 375 1443 Neo
388 1386 486 1461 utique
506 1395 616 1443 certum
635 1385 831 1461 imperaverim

36 1482 164 1555 modum,
177 1482 229 1541 red
241 1482 363 1540 maxime
376 1494 409 1539 nt
422 1483 543 1557 quisque
555 1481 669 1539 finietur
683 1482 779 1539 iocus:
800 1480 831 1538 ni

37 1578 109 1639 sorte
141 1588 201 1636 tam
233 1596 411 1650 numerosus,
440 1588 471 1636 ut
504 1579 565 1653 ipro
597 1593 711 1654 qnoque
742 1577 832 1636 dividi

36 1676 148 1735 doben„
188 1676 235 1735 28.
258 1675 353 1734 Dandi
367 1685 435 1733 sunt
449 1675 520 1732 oerti
534 1675 649 1750 quidam
663 1676 786 1747 termini,
801 1685 833 1733 ut

37 1782 202 1831 contextum
229 1773 389 1843 verborum,
410 1772 459 1847 qui
486 1783 530 1829 est
549 1772 744 1844 difficillimus,
765 1790 834 1830 oon·

37 1870 130 1929 tinuet
157 1870 259 1927 erebra
284 1868 441 1940 meditatio,
469 1881 564 1944 partes
596 1869 732 1945 deinceps
758 1870 834 1945 ipseo

37 1966 176 2042 repetitus
196 1966 267 2023 ordo
292 1966 455 2043 oonjungot.
496 1965 566 2023 Non
592 1976 636 2023 est
655 1966 766 2036 inutile,
786 1966 831 2038 iio,

38 2082 100 2138 qum
128 2062 274 2121 diffieilius
294 2062 429 2133 hereant,
451 2063 560 2137 aliqum
579 2079 722 2137 opponere
740 2072 832 2128 notro,

38 2178 159 2235 quarum
185 2159 347 2218 reeordatio
374 2168 556 2216 commoneat
580 2168 610 2214 et
629 2158 709 2231 quini
729 2157 835 2214 exoitet

38 2256 213 2315 memoriam.
254 2256 303 2314 29.
324 2254 420 2313 Nemo
446 2256 532 2313 etiam
558 2254 618 2311 sere
644 2264 702 2310 tem
725 2252 834 2325 infelix,

39 2366 80 2425 ut,
96 2354 174 2430 quod
194 2354 300 2428 ouique
318 2353 385 2410 loeo
405 2353 518 2428 signum
538 2351 730 2421 destinaverit,
744 2351 836 2409 nerei·

40 2463 83 2509 nt:
111 2462 153 2522 ut,
174 2450 198 2508 ri
219 2450 274 2508 erit
293 2450 391 2507 tardus
412 2450 446 2506 ad
467 2449 533 2517 hoe,
554 2466 589 2505 eo
609 2466 722 2523 qnoque
743 2448 836 2506 adhue

39 2546 168 2607 remedio
195 2557 300 2617 utetur,
327 2557 360 2603 ut
385 2546 453 2621 ipsae
480 2544 605 2602 excitent
631 2555 714 2602 note.
769 2545 838 2604 Hoo

40 2644 119 2702 enirn
133 2654 177 2701 est
189 2662 225 2703 ex
238 2644 288 2701 ille
308 2654 367 2700 erte
387 2656 445 2699 non
466 2642 576 2712 inutile,
592 2642 737 2699 attendere
756 2642 838 2719 signe

42 2740 78 2797 nd
98 2758 159 2811 eos,
175 2741 224 2815 qui
245 2739 392 2807 excidunt,
408 2756 527 2795 teneus:
548 2758 689 2808 ancoram,
703 2748 735 2795 ut
754 2756 840 2813 supro

40 2836 135 2911 posui,
150 2836 175 2893 si
188 2836 224 2895 de
238 2854 310 2894 neve
323 2835 478 2893 dicendum
492 2845 583 2892 esset:
604 2834 751 2911 spiculum,
765 2834 790 2889 si
803 2833 840 2892 de

41 2934 152 3009 proelio.
199 2934 246 2993 3⁰.
273 2933 398 2991 Multum
418 2934 495 2990 enim
516 2933 599 3008 signe
617 2932 735 2999 iaciunt,
756 2937 840 2985 etex

43 3031 100 3089 elia
113 3030 253 3093 memoria
265 3031 344 3089 venit
356 3030 427 3087 elia:
449 3037 481 3085 ut
494 3046 561 3085 oum
581 3025 733 3083 translatus
752 3038 841 3078 ennu-
