1984 3342
413 235 429 264 Ι

159 290 196 349 lt
379 301 414 347 ru.
433 301 503 348 rin.
520 293 726 356 nummorum

158 447 395 523 significationem
420 450 516 521 modo,
537 450 587 507 sed
609 449 712 507 formas
731 449 817 506 etiam
836 467 948 506 mensu·

157 561 259 616 rusque
285 544 411 601 norimus
438 557 475 616 et,
496 545 661 618 ubicunque
687 555 771 601 erunt
790 543 892 619 posita,
914 562 948 600 an

158 643 338 714 conveniant,
358 643 414 699 uisi
437 643 527 700 multa
549 642 673 700 lectione
697 652 781 717 atque
805 642 949 699 auditione

159 739 269 814 assequi
306 740 505 808 nullomodo
536 759 701 816 possumus;
735 758 803 796 eum
835 757 949 795 omnem

158 853 317 893 sermonem
332 837 447 894 auribus
461 837 586 913 primum
606 837 789 912 accipiamus.
830 835 949 911 Propter

158 931 235 1005 quod
259 932 381 989 infantes
406 951 422 989 a
446 934 533 990 mutis
559 933 720 989 nutricibus
741 932 822 1007 jussu
849 949 949 1008 regum
990 934 991 937 ’

158 1027 188 1084 in
216 1013 385 1086 solitudine*
403 1029 528 1101 educati,
556 1029 666 1086 etiamsi
700 1028 787 1085 verba
819 1028 950 1102 quaedam

158 1126 286 1183 emisisse
300 1125 459 1197 traduntur,
475 1137 570 1184 tamen
590 1125 725 1200 loquendi
745 1125 880 1181 facultate
904 1143 951 1181 ca·

158 1232 283 1280 ruerunt.
329 1224 373 1279 11.
395 1224 470 1280 Sunt
493 1233 588 1280 autem
610 1223 664 1279 alia
683 1222 766 1297 hujus
785 1231 904 1290 naturae,
921 1229 952 1277 ut

159 1319 235 1376 idem
261 1319 391 1395 pluribus
417 1321 537 1377 vocibus
564 1319 720 1390 declarent,
748 1319 788 1376 ita
814 1328 846 1374 ut
878 1316 951 1374 nihil

159 1415 385 1492 significationis,
413 1436 470 1492 quo
502 1416 597 1493 potius
630 1416 728 1487 utaris,
756 1414 885 1472 intersit:
921 1423 952 1470 ut

159 1514 231 1571 ensis
246 1524 274 1570 et
285 1515 420 1588 gladius:
443 1514 507 1583 alia,
522 1532 584 1588 quae
598 1513 709 1569 etiamsi
722 1513 836 1586 propria
855 1529 952 1568 rerum
991 1583 992 1586 Ἴ

161 1609 318 1684 aliquarum
332 1609 389 1666 sint
408 1609 524 1665 nomina
527 1612 681 1680 ,τροπικῶς
704 1607 785 1680 quasi
801 1616 898 1665 tamen
917 1607 953 1664 ad

160 1706 282 1764 eundem
297 1705 473 1762 intellectum
488 1705 626 1774 feruntur,
640 1712 672 1759 ut
677 1701 793 1778 ferrum
807 1713 836 1760 et
849 1723 952 1761 mucro
991 1675 992 1780 l

162 1805 207 1862 12.
234 1801 265 1860 N
268 1822 312 1860 am
331 1821 382 1878 per
404 1802 571 1858 abusionem
597 1800 715 1856 sicarios
726 1799 826 1856 etiam
852 1819 954 1858 omnes
991 1785 992 1820 ³

160 1919 304 1967 vocamus,
327 1899 376 1975 qui
397 1898 505 1956 caedem
529 1897 587 1954 telo
607 1915 779 1972 quoeunque
803 1897 956 1954 commise-
991 1877 992 1980 l

161 1997 225 2054 rint.
267 1996 335 2053 Alia
358 1994 480 2052 circuitu
504 1994 656 2050 verborum
681 1993 805 2068 plurium
829 1994 956 2051 ostendi·

161 2113 241 2151 mus:
262 2093 346 2168 quale
360 2101 412 2163 est,
427 2090 472 2148 Et
488 2090 584 2166 pressi
598 2090 679 2164 copia
693 2089 785 2146 lactis.
825 2088 957 2146 Plurima
990 2134 991 2147 2

161 2209 229 2248 vero
249 2189 406 2247 mutatione
425 2187 591 2262 figuramus,
612 2185 688 2257 Scio,
703 2183 770 2242 Non
790 2185 900 2258 ignoro,
916 2196 956 2256 et,
990 2176 991 2253 l

162 2288 229 2346 Non
254 2307 294 2344 me
312 2284 411 2361 fugit,
433 2293 471 2353 et,
495 2282 563 2338 Non
589 2301 629 2338 me
650 2281 792 2356 preterit,
814 2290 852 2351 et,
877 2280 958 2348 Quis
990 2274 991 2339 l

163 2385 269 2440 nescit?
297 2392 335 2452 et,
356 2380 471 2438 Nemini
490 2379 604 2436 dubium
624 2386 673 2434 est.
716 2377 761 2434 13.
790 2376 848 2433 Sed
869 2377 958 2433 etiam
991 2347 992 2430 l

163 2499 199 2538 ex
220 2478 348 2554 proximo
366 2476 489 2534 mutuari
509 2475 585 2532 licet.
626 2473 704 2531 Nam
722 2482 752 2530 et
771 2473 914 2547 intelligo,
929 2484 960 2532 et
990 2542 991 2555 ρ

163 2576 260 2646 sentio,
288 2584 317 2631 et
342 2573 430 2644 video,
458 2590 533 2646 saepe
560 2572 636 2628 idem
662 2571 766 2640 valent,
788 2570 863 2644 quod
890 2573 958 2629 scio.
990 2560 991 2633 l

163 2673 297 2733 Quorum
316 2670 400 2727 nobis
420 2670 578 2726 ubertatem
594 2687 628 2724 ac
641 2667 754 2724 divitias
768 2666 847 2723 dabit
859 2667 960 2740 lentio,
990 2696 991 2731 3

164 2780 196 2824 ut
222 2787 279 2825 uon
313 2766 405 2823 solum
432 2763 575 2840 quomodo
601 2772 763 2832 occurrent,
791 2762 841 2819 sed
870 2763 962 2820 etiam
990 2766 991 2783 ³

165 2845 307 2940 quomodo
339 2871 459 2937 oportet,
487 2871 608 2917 utamur.
665 2858 709 2916 14.
744 2857 813 2916 Non
846 2877 963 2934 semper
991 2877 992 2896 ³

165 2962 241 3020 enim
266 2960 327 3018 haec
348 2959 421 3016 inter
442 2976 472 3014 se
492 2957 567 3014 idem
588 2955 716 3012 faciunt:
743 2974 799 3013 nec
831 2955 906 3011 sieut
925 2957 964 3014 de

165 3060 312 3119 intellectu
331 3056 418 3116 animi
435 3065 514 3114 recte
529 3055 660 3127 dixerim,
673 3053 762 3127 video,
778 3053 818 3110 ita
836 3051 873 3108 de
896 3052 966 3112 visu
