1984 3342
133 244 190 305 rus
354 251 389 299 nr.
408 250 477 299 sss
496 248 701 307 Quinnmmrn

133 402 230 471 muer,
251 401 394 478 quomodo
414 400 597 459 Metrodorus
623 400 654 459 in
674 398 736 458 XII
755 398 855 477 siguis,
874 414 930 475 per

133 517 196 575 que
217 500 266 557 Sol
287 507 373 569 mest,
393 507 527 557 trecenos
545 508 576 556 et
601 514 759 575 sexagenos
785 495 927 555 invenerit

133 594 221 653 isoes.
263 595 384 653 vanitas
397 594 532 653 nimirum
545 594 601 652 suit
614 604 699 668 atque
716 593 835 669 jactatio
848 591 929 649 eirea

119 690 300 749 ,memoriam
313 710 394 749 susm
413 690 511 767 potius
531 699 602 760 arte,
614 708 700 765 quam
720 700 823 747 natura
843 688 930 766 glori·

135 788 216 847 antis.
243 788 303 847 23.
325 788 465 863 Equidem
487 787 550 845 heo
576 787 611 845 ad
638 786 767 862 quiedam
794 788 929 863 prodesse

133 904 191 943 non
212 885 384 963 negaverim,
405 894 436 943 ut
456 884 480 942 si
500 901 594 942 rerum
614 884 732 942 nornine
757 884 856 955 multa,
875 902 930 960 per

134 982 264 1041 ordinem
285 982 390 1053 audita,
404 981 551 1039 reddenda
568 980 634 1038 sint.
675 979 810 1056 Namque
830 980 860 1037 in
880 980 927 1051 iis,

134 1098 197 1154 que
211 1079 382 1151 didicerunt,
396 1078 468 1135 loeis
480 1088 592 1153 ponunt
604 1096 652 1135 res
665 1077 736 1147 illas,
751 1096 881 1149 messena,
896 1087 929 1134 ut

134 1175 282 1243 beentur,
303 1174 496 1245 investibulo,
517 1184 546 1231 et
559 1167 710 1249 puluinum
734 1174 766 1229 in
792 1174 879 1245 atrio,
900 1184 930 1231 et

134 1272 177 1331 sie
190 1282 303 1330 cetera:
325 1270 429 1329 deinde
449 1270 613 1358 relegentes¹
625 1269 784 1340 inveniunt,
804 1270 856 1326 nbi
881 1288 932 1346 po·

135 1369 250 1427 suerint.
291 1368 338 1426 Ἃ.
360 1366 399 1425 Et
425 1366 542 1425 forsitan
569 1366 625 1423 hoe
650 1375 717 1422 sunt
742 1365 841 1441 adjuti,
870 1366 929 1441 qni,

136 1465 268 1523 auctione
282 1464 408 1535 dimissa,
422 1463 491 1538 quid
511 1463 616 1537 cuique
635 1462 838 1533 vendidissent,
853 1463 932 1519 testi·
985 1447 987 1513 ἶ

135 1560 189 1617 bus
216 1544 440 1635 argentariorum
466 1560 571 1617 tabulis
596 1558 788 1617 reddiderunt.
837 1558 930 1621 Quod
985 1563 986 1566 ’

134 1656 300 1731 prestitisse
334 1655 522 1712 Hortensium
554 1654 663 1713 dieunt
717 1654 818 1712 Minus
851 1654 930 1712 idem

135 1750 262 1827 proderit
288 1751 318 1808 in
345 1750 518 1822 ediscendis,
540 1770 604 1827 qnae
630 1752 766 1809 orationis
785 1766 932 1827 perpetuus

136 1857 228 1905 esunt.
269 1846 346 1903 Nam
373 1857 402 1905 et
427 1866 528 1906 sensus
549 1868 608 1907 non
627 1849 747 1907 eandem
775 1849 932 1926 imaginem

136 1962 221 2019 quem
236 1961 281 2001 res
294 1944 409 2015 habeut,
424 1962 491 2001 eum
507 1946 626 2003 alterum
646 1945 813 2023 fingendum
826 1946 881 2002 sit:
901 1955 933 2002 et
985 1985 986 2026 3

137 2040 238 2097 horum
265 2050 359 2097 tamen
386 2050 533 2116 uteunque
559 2051 721 2099 commonet
747 2041 846 2098 loeus:
880 2041 932 2098 sed
985 2069 987 2100 r

137 2136 275 2195 sermonis
297 2136 416 2213 alicujus
436 2137 525 2195 habiti
545 2134 694 2195 verborum
714 2130 868 2195 oontextus
882 2156 934 2195 ea·
985 2139 986 2232 i

137 2234 202 2291 dem
218 2244 277 2290 arte
291 2234 433 2307 quomodo
447 2234 723 2309 comprehendetur?
761 2236 810 2293 25.
832 2234 932 2302 Mitto,

138 2329 214 2403 quod
234 2329 362 2403 quedam
390 2330 476 2387 nuliis
502 2330 663 2388 simulastis
687 2331 843 2408 significari
870 2350 934 2407 pos-

138 2433 213 2495 sunt,
234 2433 266 2481 ut
292 2434 370 2482 eerte
396 2426 620 2502 conjunctiones.
662 2427 829 2485 Habeamus
854 2430 933 2485 enim

137 2538 215 2592 saue,
229 2520 323 2596 utqui
337 2520 412 2579 notis
425 2522 563 2594 seribunt,
577 2533 671 2580 certas
684 2523 823 2601 imagines
843 2524 935 2582 omni·
985 2573 986 2580 ,

138 2634 196 2688 rim,
211 2617 318 2675 etiosa
337 2617 448 2675 soiiioet
468 2618 587 2690 infinite,
601 2638 651 2695 per
671 2638 734 2695 que
753 2614 851 2693 verbe,
865 2631 934 2696 quot
985 2635 987 2640 ·

138 2722 204 2771 sunt
218 2714 248 2771 in
263 2714 389 2789 quinque
403 2725 504 2773 eontra
516 2714 636 2773 Verrem
655 2716 790 2774 secundm
811 2718 934 2775 aetionis

138 2811 228 2881 libris,
243 2812 430 2888 explicentur,
451 2823 483 2870 ut
503 2814 716 2871 meminerimus
735 2816 823 2873 etium
844 2817 935 2874 omni·

139 2926 188 2967 um
208 2910 289 2983 qussi
310 2908 520 2985 depositorum:
547 2905 644 2967 noune
663 2910 797 2986 impediri
816 2913 935 2989 quidem
985 2985 987 2990 Ι

138 3006 247 3079 esium
267 3010 337 3082 quse
357 3004 429 3065 disit
454 3004 606 3065 decumam
625 3023 745 3065 neeeme
763 3018 808 3067 est
827 3007 937 3087 duplici
