1984 3342
141 187 181 248 ez
366 175 402 240 is.
422 191 491 240 ran.
512 189 718 248 coturnum

978 278 980 327 1

142 345 294 404 Romanus
307 361 366 402 non
386 342 516 420 recipere
536 342 666 401 videatur
687 341 765 400 illam
785 340 855 400 solis
875 361 939 400 con·
978 410 979 469 t

142 459 253 500 cessam
276 441 382 498 Atticis
402 459 546 512 venerem,
567 439 682 514 quando
703 458 767 497 eam
787 457 825 497 ne
844 438 938 497 Graeci

143 537 259 612 quidem
273 538 302 595 in
318 537 373 594 alio
387 554 493 614 genere
504 536 609 612 linguae
619 535 803 592 obtinuerint.
846 533 940 611 Toga·

143 634 180 692 tis
194 635 308 692 excellit
321 633 479 710 Afranius,
495 633 664 707 utinamque
684 650 743 689 non
764 631 940 707 inquinasset

145 740 312 808 argumenta
324 749 478 808 puerorum
493 729 577 787 foedis
591 729 745 801 amoribus,
760 745 855 786 mores
875 747 940 786 suos

143 826 243 885 fassus.
980 738 982 893 i

185 924 249 982 101.
278 926 318 982 Α1
344 943 402 982 non
430 924 550 982 historia
577 922 712 981 cesserim
738 921 860 994 Graecis,
888 941 941 980 nec

143 1040 288 1098 opponere
314 1021 481 1098 Thucydidi
503 1021 677 1078 Sallustium
704 1038 820 1077 vereor:
848 1037 941 1094 neque
960 1072 964 1082 ,

67 1185 69 1196 Ι
143 1118 307 1196 indignetur
335 1119 389 1176 sibi
414 1119 580 1176 Herodotus
614 1117 720 1192 aequari
756 1116 789 1174 T.
816 1117 941 1187 Livium,
981 1148 982 1151 ¹

143 1235 210 1274 cum
225 1217 254 1274 in
269 1217 410 1274 narrando
424 1217 503 1273 mirae
521 1214 720 1292 jucunditatis,
736 1213 942 1288 clarissimique

143 1314 285 1387 candoris,
300 1325 361 1371 tum
383 1314 412 1371 in
433 1313 631 1383 concionibus,
653 1330 738 1387 supra
758 1330 844 1386 quam
864 1329 943 1367 enar·
982 1386 983 1389 Ἴ

143 1412 199 1468 rari
212 1421 315 1486 potest,
330 1410 530 1484 eloquentem:
554 1409 593 1466 ita
608 1428 670 1483 quie
685 1409 820 1465 dicuntur
835 1407 942 1479 omnia,
983 1424 985 1469 1

144 1526 211 1564 cum
237 1509 332 1577 rebus,
360 1517 420 1563 tum
447 1506 587 1581 personis,
616 1505 832 1563 accommodata
859 1515 943 1563 sunt:
983 1520 984 1585 1

145 1602 263 1659 affectus
277 1602 403 1677 quidem,
418 1602 563 1678 principue
577 1621 635 1673 eos,
651 1602 699 1677 qui
714 1612 780 1659 sunt
791 1602 943 1673 dulciores,

144 1709 177 1756 ut
188 1698 355 1774 parcissime
369 1697 475 1770 dicam,
487 1716 573 1754 nemo
583 1698 785 1756 historicorum
800 1717 946 1756 commen·

144 1795 221 1852 davit
249 1795 347 1871 magis.
401 1795 465 1852 102.
495 1793 623 1870 Ideoque
650 1795 838 1854 immortalem
866 1795 944 1853 illam

144 1891 271 1950 Saliustii
286 1891 467 1949 velocitatem
478 1892 596 1950 diversis
606 1893 759 1951 virtutibus
771 1903 945 1950 consecutus

144 2000 195 2048 est.
238 1988 314 2046 Nam
329 1989 399 2046 mihi
415 1991 531 2068 egregie
551 1989 657 2046 dixisse
678 1990 789 2047 videtur
803 1989 944 2047 Servilius

143 2087 306 2160 Nonianus,
320 2105 403 2164 pares
417 2105 467 2146 eos
481 2087 582 2164 magis,
598 2105 684 2162 quam
698 2086 822 2144 similes:
844 2086 895 2162 qui
917 2094 946 2144 et

144 2189 204 2264 ipse
220 2189 331 2248 anobis
347 2188 460 2246 auditus
480 2199 533 2259 est,
548 2187 613 2244 elati
635 2187 678 2244 vir
698 2186 818 2263 ingenii,
833 2197 863 2244 et
883 2205 947 2244 sen·

144 2285 241 2342 tentiis
262 2287 371 2356 creber,
386 2285 436 2343 sed
457 2285 553 2342 minus
573 2303 698 2360 pressus,
713 2302 799 2358 quam
820 2283 945 2341 historiae

146 2380 300 2437 auctoritas
325 2381 458 2456 postulat.
503 2380 834 2455 103.Qua1n,pau1um
863 2390 947 2438 aetate

144 2476 310 2552 praecedens
323 2495 387 2534 eum
401 2476 529 2533 Bassius
541 2476 689 2554 Aufidius,
704 2477 831 2554 egregie,
846 2478 947 2552 utique

146 2572 176 2630 in
202 2573 282 2630 libris
311 2573 376 2631 belli
396 2572 573 2643 Germanici,
594 2576 735 2650 praestitit,
756 2593 863 2652 genere
885 2575 948 2651 ipso

144 2669 299 2745 probabilis
314 2669 343 2726 iu
357 2669 500 2742 omnibus,
515 2671 565 2727 sed
580 2671 609 2728 in
624 2672 795 2747 quibusdam
811 2672 872 2729 suis
886 2672 947 2748 ipse

145 2767 253 2825 viribus
267 2768 367 2825 minor.
412 2768 476 2825 104.
499 2769 636 2843 Superest
657 2770 761 2841 adhuc,
776 2780 804 2829 et
825 2778 947 2828 exornat

146 2864 237 2924 statis
264 2874 367 2921 nostre
394 2863 524 2940 gloriam,
549 2865 591 2921 vir
617 2865 779 2922 seculorum
807 2867 951 2926 memoria

145 2964 260 3044 dignus,
280 2962 335 3040 qui·
350 2962 419 3022 olim
439 2962 644 3038 nominabitur,
664 2982 744 3025 nunc
762 2964 948 3046 intelligitur.
