1984 3342
222 213 304 264 lusu.
323 213 460 262 onnnou.
480 213 541 260 nm
561 213 593 260 x.
611 213 632 260 r.
780 202 817 266 tr

64 364 110 422 24.
139 363 198 424 Sed
224 383 283 422 non
309 365 420 422 minore
446 364 542 422 studio
568 363 731 422 continetur
757 363 820 422 heo

33 459 153 532 facultas,
170 481 255 538 quam
269 473 392 536 paretur.
434 461 492 518 Are
506 461 582 518 enim
598 462 685 518 semel
704 480 820 538 percep-

33 567 64 626 ta,
77 577 136 616 non
150 559 274 617 labitur:
295 559 376 616 stilus
397 577 510 634 quoque
531 558 740 616 intermissione
752 577 821 634 puu-

32 651 113 712 lulum
135 655 288 712 admodum
302 655 337 712 de
352 655 498 712 celeritate
511 655 656 729 deperdit:
677 665 820 730 promtum

32 748 89 821 huc,
110 761 141 808 et
167 751 197 808 in
223 752 356 827 expedito
381 751 516 826 positum,
537 750 741 808 exercitatione
760 751 821 808 sola

32 847 194 904 continetur.
237 847 303 904 Hac
317 847 358 904 uti
372 847 415 904 sic
428 847 568 922 optimum
581 856 634 915 est,
648 856 680 903 ut
692 847 821 922 quotidie

32 941 154 1000 dicemus
169 944 350 1002 audientibus
363 943 502 1018 pluribus,
514 943 636 1000 maxime
650 943 685 1000 de
699 962 820 1018 quorum

30 1039 113 1098 simus
130 1041 241 1116 jndicio
256 1051 339 1115 atque
353 1039 487 1115 opinione
508 1040 640 1097 solliciti:
662 1059 757 1097 rarum
777 1051 821 1099 est

30 1136 112 1208 enim,
126 1149 159 1194 ut
172 1138 240 1194 satis
260 1155 291 1194 se
311 1137 432 1212 quisque
452 1147 590 1193 vereatur.
631 1137 686 1194 Vel
707 1137 761 1194 soli
780 1147 821 1195 ta·

29 1253 87 1292 meu
103 1236 234 1292 dicemus
246 1235 351 1310 potius,
366 1253 450 1309 quam
464 1234 582 1290 omnino
602 1252 660 1290 nou
681 1234 820 1292 dicemus.

29 1331 70 1388 25.
91 1331 146 1390 Est
160 1331 208 1390 illa
228 1330 394 1389 exercitatio
414 1330 571 1406 cogitandi,
586 1340 715 1405 totasque
735 1341 821 1388 mate·

28 1430 79 1488 ries
93 1431 137 1488 vel
153 1431 267 1488 silentio
281 1429 363 1506 (dum
378 1419 473 1486 temen
495 1428 575 1503 quasi
596 1428 675 1486 dicat
695 1429 770 1487 intre
789 1448 821 1488 se

29 1526 130 1606 ipsum)
151 1526 350 1603 persequendi,
371 1545 435 1600 quae
456 1526 536 1583 nullo
557 1545 615 1583 non
635 1536 664 1584 et
691 1537 820 1602 tempore

27 1636 51 1680 et
82 1624 160 1694 locu,
187 1621 301 1697 quando
335 1641 392 1678 non
427 1622 502 1678 aliud
538 1622 657 1700 agimus,
684 1622 821 1699 explicari

27 1730 132 1792 potest:
154 1730 182 1778 et
195 1729 239 1776 est
252 1719 281 1776 in
295 1729 375 1795 purte
390 1719 495 1789 utilior,
507 1738 592 1794 quam
606 1719 669 1778 haec
681 1720 819 1796 proxima.

26 1817 67 1874 26.
89 1815 267 1892 Diligentius
287 1816 364 1874 enim
386 1817 577 1890 componitur,
597 1835 682 1892 quam
710 1817 769 1889 ills,
790 1817 821 1874 in

27 1930 77 1985 quo
111 1922 277 1970 contextum
311 1911 427 1969 dicendi
460 1912 648 1970 intermittere
682 1931 819 1970 veremur.

25 2007 138 2068 Rursus
162 2009 191 2068 in
213 2010 269 2068 elia
288 2009 351 2085 plus
370 2009 446 2084 prior
467 2009 588 2079 confert,
609 2009 688 2066 vocis
707 2009 821 2067 firmitu-

25 2113 88 2178 tem,
103 2105 164 2164 oris
179 2105 355 2176 facilitatem,
370 2115 479 2162 mutum
493 2104 631 2180 corporis,
645 2104 695 2178 qni
708 2114 737 2162 et
750 2105 820 2180 ipse,

25 2211 52 2259 ut
79 2201 152 2273 dixi,
174 2202 278 2260 excitat
304 2211 456 2274 oratorem,
477 2211 505 2259 et
529 2199 683 2276 jactatione
710 2218 821 2272 manus,

24 2299 105 2371 pedis
139 2298 331 2374 supplosione,
359 2297 434 2354 sicut
468 2296 560 2355 cauda
593 2296 690 2353 leuues
725 2295 820 2354 lacere

24 2395 170 2466 dicuntur,
180 2395 316 2453 hortatur.
356 2395 403 2452 27.
426 2393 606 2452 Studeudum
620 2411 687 2450 vero
700 2411 820 2468 semper,

25 2501 50 2547 et
63 2491 182 2568 ubique.
223 2491 327 2567 Neque
348 2491 425 2549 enim
445 2491 505 2548 fere
524 2502 583 2548 tam
603 2501 646 2548 est
667 2491 740 2548 ullus
760 2491 822 2548 dies

23 2598 192 2666 occupatus,
207 2598 239 2646 ut
259 2589 331 2647 nihil
352 2588 507 2659 lucrative,
521 2597 554 2645 ut
573 2587 679 2646 Cicero
699 2587 821 2646 Brutum

24 2685 120 2744 lacere
134 2685 229 2758 tradit,
238 2703 332 2762 opere
347 2685 382 2742 ad
393 2684 586 2756 scribendum,
597 2694 645 2742 aut
657 2684 820 2762 legendum,

23 2794 70 2841 aut
85 2783 243 2840 dicendum
258 2783 319 2858 rapi
335 2783 430 2857 aliquo
444 2793 590 2840 momento
604 2781 741 2856 temporis
758 2798 821 2855 pos·

24 2879 64 2936 sit.
113 2879 261 2956 Siquidem
290 2879 324 2937 Ο.
346 2878 441 2936 Carbo
468 2879 553 2936 etium
581 2878 610 2933 in
637 2875 821 2933 tabernaculo

22 2977 136 3034 solebat
162 2977 217 3034 hac
243 2976 285 3034 uti
312 2974 516 3033 exercitatione
542 2971 665 3032 dioendi
704 2969 751 3025 28.
771 2965 821 3022 Ne
