1984 3342
244 259 327 310 minu.
346 259 482 308 eastun.
502 261 563 308 ΗΒ.
582 262 625 310 Χί.
643 263 665 308 ³.
792 256 850 314 ud

54 407 149 466 inest
169 425 288 468 neeesse
306 419 359 482 eat,
379 409 429 468 ubi
449 421 478 470 et
503 411 668 470 eredimus?
707 411 848 487 Equidem

54 504 99 562 rel
120 504 294 564 medioerern
315 505 482 578 orationem,
497 509 723 567 oommendatam
741 509 848 568 viribus

55 599 188 672 notionis,
210 601 406 660 affirmaverim
426 601 491 678 plns
515 603 675 661 habituram
699 623 764 663 esse
789 624 848 665 mn·

54 695 155 768 menti,
184 715 268 772 qnam
302 697 437 773 optimam
470 699 569 758 endem
602 700 652 758 illa
675 700 845 760 destitutam

52 793 79 848 6.
109 793 259 868 Siquidem
278 805 308 852 nt
326 795 544 868 Demosthenes,
563 796 635 872 quid
651 806 721 856 erret
739 798 770 856 in
790 807 847 856 toto

53 888 167 946 dinarii
186 909 265 966 opere
279 891 413 966 primum,
435 877 634 969 interrogatus,
650 895 847 969 pronwteioti·
865 942 878 967 ,

51 986 99 1042 otri
113 985 241 1061 palmam
253 987 342 1058 dedit,
357 987 508 1063 eidemque
518 989 668 1046 secundm
680 1008 717 1048 no·
733 991 846 1048 tertius

52 1081 149 1153 mm,
177 1081 271 1138 donee
298 1083 334 1140 ab
360 1101 395 1140 eo
421 1085 510 1158 quari
537 1085 695 1141 desineret:
722 1095 755 1142 ut
781 1103 845 1144 eam

52 1177 143 1234 rideri
169 1189 265 1253 posset
292 1197 351 1236 non
376 1180 559 1255 praecipuam,
582 1180 632 1236 sed
658 1181 748 1238 solam
771 1181 845 1256 judi·

51 1291 152 1332 essse:
180 1277 207 1332 7.
229 1273 352 1350 ideoque
366 1276 426 1351 ipse
440 1285 499 1333 tam
518 1274 668 1350 diligenter
689 1275 763 1350 apud
783 1276 844 1335 An·

51 1370 204 1428 drnnioum
231 1371 409 1447 Hypoetiten
436 1371 554 1442 studuit,
580 1380 613 1428 ut
639 1371 844 1430 admirantibus

50 1467 112 1544 ejus
132 1467 290 1526 orationem
310 1468 434 1526 Rhodiis
453 1485 511 1524 non
531 1467 674 1525 immerito
692 1467 844 1526 AEsehines

51 1565 158 1622 dixisse
184 1564 323 1636 videatur,
343 1564 459 1640 quidsi
478 1565 570 1640 tpsum
589 1564 764 1622 audissetis?
804 1564 844 1623 Er

50 1659 92 1718 Μ.
114 1660 221 1718 Cioern
242 1679 328 1718 urtam
347 1661 378 1716 in
404 1659 520 1718 dicendo
545 1661 680 1718 attinuerit
704 1661 843 1718 dominari

48 1766 139 1833 putat.
179 1758 207 1815 Β.
229 1758 296 1814 Han
309 1757 363 1816 Cu.
375 1757 529 1815 Lentulum
541 1758 607 1833 plus
618 1758 762 1833 opinionis
772 1777 843 1816 oon-

47 1865 190 1927 seontum‚
202 1873 287 1930 qunm
301 1855 471 1930 eloquentis,
483 1856 583 1913 tradit:
598 1857 699 1914 endem
713 1857 843 1917 &Grae-

48 1951 137 2009 ohum
150 1951 181 2009 in
194 1951 325 2010 deflenda
339 1951 433 2009 fratris
447 1969 520 2009 nene
532 1953 619 2009 totins
630 1953 727 2027 popuii
738 1952 844 2012 Romu·

46 2049 78 2106 ni
98 2047 232 2106 lacrimas
252 2047 428 2106 concitasse:
450 2058 478 2104 et
500 2047 656 2104 Antonium
669 2057 698 2104 et
708 2048 842 2106 Crassum

44 2145 170 2202 multum
185 2144 315 2216 valuisse,
329 2144 483 2220 plurimum
496 2161 563 2200 vero
575 2143 616 2203 Q.
637 2142 840 2200 Hortensium:

47 2241 133 2317 enjus
153 2241 195 2298 rei
209 2241 279 2298 fides
294 2251 345 2312 est,
360 2241 436 2314 quod
450 2240 512 2316 ejus
525 2239 630 2312 scripta
643 2247 753 2296 tantum
766 2239 842 2297 intra

46 2339 152 2396 famam
166 2351 240 2422 sunt,
250 2356 306 2413 qua
319 2337 368 2394 diu
380 2336 514 2412 princepe
526 2345 678 2405 oratorum,
691 2334 841 2409 aliquando

46 2432 168 2490 aemulus
201 2431 351 2490 Cineronis
383 2429 560 2488 existimatus
592 2439 644 2501 est,
676 2429 839 2498 novissime,

46 2527 142 2603 quoad
168 2527 246 2598 vixit,
274 2527 432 2586 secundus:
467 2536 499 2583 ut
532 2536 673 2601 appareat,
698 2525 840 2600 placuisse

46 2623 156 2698 aliquid
170 2639 206 2680 eo
218 2623 343 2694 dicente,
357 2621 432 2699 qnod
446 2621 573 2698 legentes
593 2639 651 2679 non
669 2621 838 2680 invenimrm

44 2721 72 2777 9.
96 2719 136 2778 Et
148 2719 265 2776 heronis
279 2737 348 2780 oum
359 2718 470 2776 valeant
484 2718 605 2776 multum
622 2718 710 2776 rerba
727 2737 777 2794 per
797 2737 838 2786 se,

44 2825 74 2874 et
101 2833 157 2872 vox
182 2815 323 2892 propriam
350 2815 408 2872 rim
435 2815 551 2890 adjiciat
576 2815 670 2885 rebus,
689 2823 719 2870 et
743 2824 839 2890 gestus

45 2922 198 2987 motusque
223 2911 365 2988 significet
392 2910 509 2984 aliquid,
528 2909 657 2984 profecto
679 2909 838 2983 perfeetum

46 3008 183 3086 quiddam
196 3007 268 3079 tieri,
282 3023 349 3063 num
361 3005 458 3063 omnia
468 3006 611 3075 unierunt,
624 3019 741 3062 neeesse
752 3010 804 3058 em

286 3099 351 3158 10*
