1984 3342
246 257 328 314 tnsn
347 258 561 306 orarentur.
577 259 609 306 n
627 260 648 304 a.
804 251 845 310 ⁷8

49 415 159 482 tempus
173 415 283 482 aptatos
294 407 413 466 libertus
425 407 500 466 Tiro
520 408 675 467 contraxit:
696 426 767 485 qnos
785 426 844 466 non

49 501 113 561 ideo
126 522 244 576 excuso,
258 505 397 580 quianon
410 506 538 580 probem,
554 506 603 564 sed
625 516 656 562 nt
676 506 733 563 sint
752 505 844 588 magis

49 601 238 658 admirabiles.
279 601 314 660 In
329 602 384 660 hoo
399 619 504 679 genere
517 619 632 677 prorsus
646 603 756 679 recipio
769 601 844 659 hano

47 697 162 754 brevem
183 698 404 770 annotationem,
425 699 603 774 libellosque,
624 699 673 773 qui
693 699 737 757 vel
757 717 843 756 mann

47 803 208 866 teneantur,
230 805 259 852 et
280 795 314 852 ad
335 813 406 870 quos
427 795 541 854 interim
568 796 710 871 respicere
736 796 778 854 las
797 796 841 854 sit

46 889 92 950 32.
115 890 201 963 Illud,
222 891 298 966 qnod
324 891 426 950 Lenos
452 893 590 968 praeoipit,
611 892 742 968 displicet
762 892 842 965 milri,

47 1007 111 1070 qnae
125 987 334 1064 scripserimus,
349 988 378 1044 in
393 1007 528 1059 summas,
542 989 602 1046 sire
622 989 843 1046 commentarios

47 1094 74 1141 et
89 1083 194 1160 capita,
209 1084 355 1142 ooalerre:
377 1085 445 1143 t'aoit
458 1085 536 1142 enim
549 1085 678 1142 disoendi
687 1096 690 1103 ’
699 1085 843 1162 negligen-

46 1181 116 1238 tiam
144 1179 206 1238 haeo
234 1181 294 1258 ipsa
320 1181 435 1251 fiducia,
457 1191 485 1239 et
511 1180 618 1239 lacerat
644 1201 678 1238 ao
704 1181 843 1239 deformat

44 1276 213 1334 orationem.
255 1277 319 1353 Ego
347 1253 439 1340 auflr
467 1296 505 1335 ne
524 1277 707 1334 scribendum
726 1277 842 1352 quidem

43 1383 126 1448 puto,
140 1373 218 1448 quod
231 1373 319 1430 simus
333 1373 470 1446 memoria
489 1373 674 1449 persecuturi.
715 1372 792 1429 Nam
812 1372 842 1430 id

43 1489 161 1546 quoque
182 1470 297 1542 aooidit,
319 1480 350 1527 nt
370 1481 484 1528 revocet
505 1489 558 1528 nos
579 1470 714 1548 cogitatio
734 1469 770 1528 ad
792 1469 842 1526 illa

43 1569 202 1638 elaborata,
216 1585 271 1624 neo
284 1567 358 1624 sinat
372 1577 540 1643 presentem
554 1569 696 1624 fortunam
710 1564 840 1642 experiri.

43 1665 91 1723 33.
116 1664 167 1722 stc
189 1682 293 1739 anceps
314 1665 387 1722 inter
414 1674 567 1739 utrumqne
595 1664 706 1722 animus
732 1674 841 1735 estuat,

43 1781 113 1820 cum
127 1771 156 1818 et
170 1761 275 1836 soripta
288 1760 421 1836 perdidit,
434 1770 463 1818 et
477 1780 535 1818 non
549 1761 649 1836 qnaerit
661 1779 742 1819 noae
784 1760 842 1818 Sed

42 1860 79 1917 de
101 1858 242 1916 memoria
261 1857 418 1915 destinatus
439 1867 482 1914 est
501 1858 575 1915 libro
595 1859 725 1933 proximo
751 1858 841 1929 loona,

42 1975 99 2018 neo
114 1954 185 2012 huie
197 1954 270 2031 parti
284 1954 508 2032 subjungendus,
522 1955 591 2030 quia
602 1965 669 2012 sunt
689 1954 745 2012 alia
763 1955 842 2031 prius

42 2053 132 2111 nobis
143 2051 274 2110 dioenda

282 2150 299 2206 'l
