1984 3342
153 227 211 290 tlt
393 235 429 284 ιι.
448 233 517 282 usn.
536 233 743 294 numm

150 383 220 462 ipsis
232 383 328 444 media
340 383 509 462 iutetp'aoent
520 385 625 444 multu:
646 395 686 458 et,
698 393 731 444 nt
744 383 844 458 laoies,
858 403 945 462 mian·
982 444 983 467 ,

150 498 235 557 quam
262 499 298 540 ex
323 481 504 557 paucissimis
535 491 657 554 constat,
685 481 827 539 inlinitum
860 482 944 541 hebet
982 476 983 553 j

149 575 356 636 differentiam.
377 576 417 636 ita
435 595 496 649 ooo,
510 577 564 636 etsi
582 595 698 654 paneas,
718 595 783 652 que
803 577 944 636 nominari

149 672 268 750 possint,
288 673 417 732 eontinet
435 674 555 750 speeies,
576 673 690 750 propria
709 673 815 748 eoique
836 683 897 732 est:
915 683 945 732 et
983 656 984 741 i

149 785 208 826 uon
222 767 284 828 heo
297 769 393 830 minus
406 770 532 843 autibus,
545 788 631 847 quam
649 769 743 828 oeulis
761 770 812 828 illa
831 770 945 848 dignos·
983 748 984 839 l

150 863 234 924 nitur.

190 963 235 1020 19.
263 962 415 1040 Augentur
436 973 530 1022 autem
551 963 627 1021 siout
645 962 785 1035 omnium,
806 963 849 1020 ita
868 963 944 1022 vonis

149 1075 263 1134 quoque
276 1060 360 1132 bona,
375 1077 461 1118 outa:
482 1059 658 1136 negligentia
670 1059 847 1118 minuuntur.
888 1059 944 1118 Sed

149 1173 219 1214 nura
251 1175 310 1214 non
343 1155 444 1214 eadem
477 1156 647 1226 oratoribus,
679 1173 743 1230 quae
779 1155 944 1231 phonascis,

149 1253 300 1312 convenit:
334 1264 430 1312 tamen
456 1252 546 1310 multa
571 1262 638 1310 sunt
663 1252 791 1327 utrisque
817 1269 944 1310 eommu-

149 1348 206 1420 nia,
217 1348 347 1426 firmitus
362 1350 495 1426 corporis,
509 1367 547 1407 ne
567 1349 603 1406 ad
623 1349 780 1424 spadonum
799 1357 829 1406 et
848 1348 945 1406 mulie

148 1453 254 1502 tumet
268 1463 408 1521 aegrorum
428 1445 584 1502 exilitatem
604 1461 659 1502 vox
679 1453 776 1502 nostra
793 1453 942 1501 tenuetur:

149 1539 225 1614 qnod
246 1541 409 1612 ambulatio,
429 1541 539 1613 unctio,
552 1540 664 1598 veneria
684 1539 865 1611 abstinentia,
880 1539 946 1597 faoi·

148 1634 185 1692 lis
209 1634 341 1692 oibornm
367 1635 499 1712 digestio,
519 1635 548 1692 id
575 1645 619 1694 est
645 1635 802 1712 frugalitas,
822 1645 944 1709 prostat.

147 1729 195 1788 tt.
230 1729 371 1788 Preterea
403 1740 435 1788 ut
468 1731 526 1788 sint
542 1729 650 1807 souma
675 1732 807 1807 integro,
834 1731 865 1789 id
893 1741 945 1804 est,
986 1720 987 1727 ἵ

149 1825 249 1884 molles
276 1844 310 1884 ao
336 1826 420 1898 leves,
442 1844 562 1902 quarum
587 1827 658 1886 vitio
677 1838 707 1886 et
722 1826 897 1904 frangitur,
916 1838 947 1886 et

148 1922 324 1996 obscuratur,
359 1933 388 1982 et
419 1932 612 1999 momatur,
646 1934 676 1984 et
707 1923 849 1982 scinditur
883 1943 945 1982 von

148 2018 226 2078 Nam
252 2029 285 2079 ut
317 2020 405 2092 tibie,
432 2019 534 2078 eodem
565 2021 668 2096 spiritu
701 2030 830 2097 aooepto,
858 2020 946 2078 alium

148 2115 262 2188 eleusii,
291 2115 377 2174 alium
411 2117 516 2193 apertis
548 2116 743 2188 foraminibus,
771 2115 861 2174 alium
888 2133 947 2174 non

147 2213 217 2270 satis
229 2221 366 2289 purgate,
382 2212 469 2270 olium
489 2231 600 2288 quassu
619 2231 721 2270 sonum
741 2212 887 2270 reddunt:
908 2212 949 2270 ito

149 2307 247 2365 inuoeo
265 2315 396 2366 tommo
410 2307 598 2384 strangolmit
610 2327 720 2379 vocem,
733 2307 839 2365 odtusoe
851 2308 948 2366 οόιαι-

149 2411 228 2474 root,
248 2421 322 2460 rnsoe
342 2413 519 2481 exasperant,
540 2405 679 2462 eoowlsoe
698 2404 796 2462 frantia
815 2415 887 2462 sunt
906 2423 948 2462 or·

148 2501 230 2575 genis
243 2499 358 2558 similes.
397 2501 445 2560 21.
465 2500 606 2558 Raditur
619 2501 706 2558 etiam
718 2501 840 2576 spiritus
853 2501 950 2578 objeo-

147 2605 180 2652 tu
215 2593 318 2669 aliquo,
346 2595 423 2653 siout
455 2595 553 2672 lapillo
579 2605 681 2654 tenues
707 2615 797 2672 nque,
824 2615 948 2672 quarum

147 2691 241 2750 fluxus
261 2691 370 2749 etiamsi
391 2692 465 2749 ultra
483 2692 601 2768 paulum
627 2693 696 2765 coit,
717 2691 824 2768 aliquid
850 2703 949 2752 tamen

147 2786 212 2844 oavi
238 2786 373 2860 relinquit
398 2796 462 2863 post
488 2787 519 2842 id
544 2786 647 2861 ipsum,
675 2787 751 2862 quod
777 2788 948 2846 offenderat

150 2881 263 2940 Humor
283 2898 396 2956 quoque
416 2899 518 2938 vocem
538 2892 587 2939 aut
612 2882 719 2940 nimius
745 2882 877 2960 impedit,
902 2894 951 2941 ant

146 2987 315 3038 eonsumtus
338 2975 473 3036 destituit.
514 2975 592 3036 Nam
612 2975 752 3055 fatigatio,
763 2989 797 3038 ut
815 2997 951 3057 corpora,
