1984 3342
155 235 195 294 ⁷⁰
377 241 413 290 rr.
433 243 502 290 rra.
522 241 729 298 commum

155 391 301 468 probabile
314 402 393 468 puto,
409 391 516 470 (neque
530 393 607 451 enirn
620 391 707 450 habet
728 400 775 449 aut
796 408 881 448 usum
900 409 955 461 res,

159 499 207 546 aut
220 489 434 570 necessitatem)
444 509 530 566 quarn
544 489 728 547 exhortandis
742 489 772 546 in
783 488 859 546 hanc
866 507 954 565 spem,

156 585 205 660 qui
215 585 276 643 soro
285 596 488 662 preparantur,
499 587 569 644 utile
582 586 753 662 exemplum.
788 585 837 643 20.
853 585 955 660 Neque

156 699 223 738 vero
233 692 340 740 tantam
351 701 413 740 esse
423 702 548 758 uuquam
558 683 692 740 fiduciam
702 681 851 740 facilitatis
861 681 955 752 velim,

156 788 259 836 utnon
280 780 364 836 breve
384 779 483 836 saltem
505 790 626 854 tempus,
641 779 717 853 quod
736 797 878 853 nusquam
900 779 956 836 fere

157 875 256 946 deerit,
285 876 320 933 ad
353 895 396 947 ea,
423 896 486 952 quae
521 875 626 933 dicturi
653 877 751 946 simus,
779 875 956 951 dispicienda

157 989 317 1043 sumamus;
339 973 414 1048 quod
428 973 543 1048 quidem
557 973 587 1030 in
605 971 723 1048 judiciis
737 991 771 1029 ac
793 973 855 1030 foro
875 972 955 1029 datur

158 1087 276 1144 semper.
317 1069 421 1144 Neque
435 1069 511 1127 enim
526 1069 677 1144 quisquam
690 1078 743 1139 est,
758 1068 809 1143 qui
829 1087 954 1139 causam,

79 1223 82 1229 ,
157 1183 241 1241 quam
267 1185 326 1224 non
360 1165 503 1237 didicerit,
532 1175 605 1242 agat.
659 1166 707 1222 21.
743 1165 954 1223 Declamatores

132 1303 134 1308 -
157 1263 293 1338 quosdam
306 1281 438 1339 perversa
452 1262 533 1319 ducit
548 1261 675 1333 ambitio,
690 1271 731 1318 ut·
741 1261 872 1337 exposita
892 1280 954 1319 con·

157 1361 294 1418 troversia
306 1360 437 1434 protinus
451 1359 548 1417 dicere
562 1358 665 1416 veiint:
687 1359 757 1434 quin
771 1359 869 1430 etiam,
881 1357 954 1434 quod

158 1466 201 1514 est
214 1457 352 1532 imprimis
363 1457 493 1513 frivolum
506 1475 540 1514 ac
548 1456 707 1526 scenicum,
716 1457 834 1512 verbum
848 1465 953 1532 petant,

159 1571 215 1626 quo
229 1552 375 1626 incipiant.
418 1552 476 1608 Sed
491 1562 549 1609 tam
564 1553 786 1610 contumeliosos
800 1552 831 1609 in
842 1571 874 1610 se
883 1553 954 1609 ridet
974 1594 975 1625 ,

159 1646 281 1704 invicem
301 1647 479 1722 eloquentia:
508 1649 606 1722 etqui
626 1649 721 1706 stultis
741 1647 831 1706 videri
852 1648 955 1706 eruditi
974 1630 975 1659 ¹

159 1741 266 1814 volunt,
294 1743 370 1800 stulti
399 1743 517 1800 eruditis
546 1744 720 1820 judicantur.
766 1746 814 1803 22.
843 1745 877 1802 Si
904 1763 975 1821 qua*

158 1849 254 1897 tamen
268 1840 381 1898 fortuna
395 1850 453 1896 tarn
468 1840 591 1897 subitam
614 1841 715 1898 fecerit
736 1840 840 1917 agendi
861 1861 958 1900 neces-

159 1936 281 2009 sitatem,
303 1937 452 1995 mobiliore
473 1936 595 2011 quodam
616 1956 689 2012 opus
709 1938 762 1995 erit
783 1938 913 2016 ingenio,
933 1947 958 1995 et

159 2033 200 2091 vis
214 2036 307 2092 omnis
321 2033 494 2091 intendenda
508 2034 602 2105 rebus,
614 2044 643 2091 et
656 2035 685 2090 in
700 2035 851 2109 prasentia
864 2035 958 2092 remit·

158 2133 275 2189 tendum
297 2131 402 2206 aliquid
429 2147 465 2187 ex
491 2149 562 2187 cura
587 2131 747 2201 verborum,
768 2131 793 2188 si
821 2131 958 2208 consequi

160 2240 310 2304 utrumque
323 2247 381 2284 non
397 2226 518 2285 dabitur.
560 2225 640 2284 Tum
661 2237 689 2284 et
709 2227 816 2284 tardior
835 2247 958 2304 pronun·

160 2325 247 2382 cietio
261 2343 354 2380 moras
369 2323 462 2395 habet,
477 2335 506 2381 et
520 2343 658 2399 suspensa
672 2343 706 2381 ac
726 2324 803 2382 velut
824 2326 957 2383 dubitans

160 2423 267 2480 oratio:
289 2431 320 2478 ut
334 2431 429 2479 tamen
450 2422 617 2493 deliberare,
632 2441 690 2479 non
710 2421 852 2493 haesitare,
868 2425 958 2482 videa·

160 2537 231 2575 rnur.
271 2517 319 2576 23.
342 2517 419 2590 Hoc,
434 2519 503 2576 dum
523 2519 686 2595 egredimur
707 2537 723 2577 e
742 2530 839 2594 portu,
861 2521 888 2578 si
908 2539 956 2578 nos

160 2617 286 2674 nondum
314 2617 415 2693 aptatis
441 2617 510 2674 satis
537 2618 719 2675 armamentis
747 2629 811 2694 aget
839 2632 957 2677 ventus:

161 2714 264 2772 deinde
283 2715 418 2788 paulatim
440 2713 524 2771 simui
545 2725 646 2771 euntes
666 2715 825 2790 aptabimus
845 2717 920 2789 vela,
934 2720 967 2771 et³

161 2809 342 2886 disponemus
356 2810 501 2880 rudentes,
516 2820 544 2866 et
558 2809 669 2884 impleri
689 2811 769 2867 sinus
789 2813 966 2886 optabimus..

161 2905 195 2964 Id
209 2907 314 2982 potius,
330 2924 414 2982 quarn
429 2923 459 2962 sc
474 2905 553 2962 inani
568 2907 718 2963 verborum
739 2914 861 2966 torrenti
883 2911 958 2978 dare,

162 3003 242 3081 quasi
255 3002 478 3082 tempestatibus,
493 3021 551 3079 quo
564 3002 670 3074 volent,
685 3002 882 3064 auferendum
962 3052 963 3067 r
