1984 3342
220 239 302 288 nisu.
322 239 458 286 onnuon.
478 237 539 286 urs.
558 238 589 286 x.
610 240 630 285 1.
782 229 824 290 28

34 389 188 464 preferant.
229 391 276 448 65.
298 389 427 465 Antiqua
440 389 582 448 comoediu
595 409 662 448 oum
682 388 823 447 sinceram

34 485 105 544 illam
121 487 260 544 sermonis
275 487 366 546 Attici
381 487 501 564 gratiam
520 505 609 562 prope
628 487 690 544 solu
709 487 822 557 retinet,

34 593 89 640 tum
110 583 320 640 facundissime
341 583 489 655 libertatis,
510 584 564 640 etsi
586 593 630 640 est
649 583 824 642 insectandis

33 679 104 737 vitiis
116 679 271 754 praecipua,
285 679 440 754 plurimum
454 689 549 736 tumen
562 679 665 738 virium
685 679 771 737 etiarn
791 679 824 737 iu

33 775 132 832 ceteris
163 775 292 852 partibus
326 775 417 832 habet.
471 774 549 832 Nam
582 785 611 834 et
643 776 768 853 grandis,
794 783 824 834 et

32 872 154 949 elegans,
182 881 211 930 et
237 881 372 930 venusta:
399 881 429 929 et
453 872 554 930 neseio
581 892 616 930 nn
640 872 731 947 nulla,
757 881 825 949 post

32 966 190 1026 Homerum
215 979 321 1040 tamen,
349 987 444 1044 quem,
472 978 505 1026 ut
531 969 685 1041 Achillem,
711 987 823 1046 semper

30 1065 123 1140 excipi
135 1083 186 1140 par
204 1076 256 1136 cst,
272 1075 320 1122 aut
340 1064 458 1123 similior
478 1065 516 1122 sit
535 1067 703 1137 oratoribus,
718 1075 767 1123 aut
787 1065 824 1124 sd

31 1171 156 1220 oratores
169 1161 315 1220 faciendos
331 1163 428 1237 aptior.
470 1163 517 1220 66.
538 1162 639 1220 Plures
652 1162 714 1238 ejus
727 1171 826 1220 sucto-

29 1277 89 1317 res:
111 1259 318 1335 Aristuphmres
339 1268 445 1330 tamen,
467 1268 495 1317 et
516 1258 650 1334 Eupolis,
672 1257 825 1315 Charinus

30 1373 84 1430 que
116 1355 263 1431 precipui.
317 1354 488 1432 Tragoedias
519 1355 644 1430 primum
670 1353 701 1411 in
726 1354 823 1412 lucem

29 1451 189 1527 lEertylus
208 1451 335 1527 protulit,
356 1450 487 1508 sublimis
507 1461 537 1508 et
561 1450 664 1528 gravis,
686 1459 715 1509 et
740 1468 826 1528 grau·

29 1547 161 1623 diloquus
175 1565 249 1624 sepe
263 1565 352 1623 usque
366 1548 402 1605 ad
422 1547 533 1620 vitium,
547 1547 597 1606 sed
617 1547 697 1606 rudis
716 1547 746 1606 in
765 1545 824 1624 ple·

27 1645 123 1720 risque
144 1654 173 1702 et
193 1643 415 1721 incompositus:
442 1645 653 1721 propterquod
678 1656 826 1704 correctas

29 1741 88 1817 ejus
116 1741 227 1799 fabulas
253 1741 283 1798 in
311 1751 455 1800 certamen
482 1741 593 1800 deferre
617 1741 824 1819 posterioribus

26 1838 122 1913 poetis
142 1837 334 1896 Athenienses
353 1838 517 1915 permisere,
538 1849 662 1922 suntque
681 1857 718 1897 eo
737 1838 825 1896 modo

27 1935 111 1992 multi
125 1934 263 1992 coronati.
304 1935 351 1992 67.
373 1933 432 1992 Sed
445 1935 531 2011 louge
545 1934 650 1992 clmius
669 1935 825 1992 illustrare·

26 2041 95 2088 runt
109 2030 166 2088 huc
176 2049 248 2106 opus
258 2031 405 2107 Sophocles
416 2041 500 2105 atque
510 2030 688 2106 Euripides:
701 2047 826 2105 quorum

26 2125 179 2202 indispari
194 2127 308 2184 dicendi
322 2127 368 2184 viu
381 2136 443 2185 uter
464 2127 501 2184 sit
519 2131 606 2202 poeta
625 2126 735 2197 melior,
749 2126 824 2184 inter

23 2223 167 2297 plurimos
181 2223 325 2297 quaeritur.
366 2222 457 2298 quue
471 2241 525 2299 ego
539 2241 617 2294 sane,
631 2222 767 2297 quoniam
787 2222 824 2280 ad

24 2329 198 2393 presentem
224 2319 372 2377 materiam
391 2318 462 2376 nihil
481 2319 614 2394 pertinet,
634 2318 823 2394 injudicatum

23 2416 168 2491 relinquo.
210 2415 284 2473 Illud
298 2416 413 2492 quidem
427 2433 513 2474 nemo
526 2434 584 2473 non
596 2415 824 2474 latenturneces·

23 2531 55 2569 se
70 2521 127 2583 est,
142 2511 187 2582 iis,
202 2511 251 2586 qui
272 2531 302 2570 se
323 2512 359 2570 ad
380 2511 521 2588 agendum
542 2522 716 2589 comparant,
730 2513 824 2572 utilio·

21 2627 89 2666 rem
103 2607 190 2684 longe
204 2608 265 2666 sore
278 2607 454 2685 Euripidem.
495 2609 542 2667 68.
564 2608 698 2684 Namque
712 2610 736 2668 is
750 2619 780 2668 et
793 2608 824 2668 in

23 2723 161 2762 sermone
182 2703 271 2780 (quod
292 2705 386 2781 ipsum
405 2705 625 2780 reprehendunt,
639 2707 743 2782 quibus
762 2724 825 2782 gra-

20 2803 103 2859 vitas
116 2811 146 2858 et
160 2800 317 2859 cothurnus
330 2812 358 2859 et
372 2820 458 2860 sonus
472 2802 624 2878 Sophoclis
636 2803 747 2860 videtur
760 2819 824 2860 esse

21 2897 192 2976 sublimior)
208 2897 300 2974 magis
314 2898 424 2956 accedit
441 2898 565 2956 oratorio
577 2898 692 2972 generi:
713 2908 742 2954 er
761 2913 824 2951 sen·

18 2993 129 3054 tentiis
143 2994 259 3065 densus,
273 2993 345 3050 etin
359 2993 403 3064 iis,
418 3013 480 3068 que
495 3013 513 3049 a
524 2992 700 3067 sapientibus
718 2986 822 3045 tradita
