1984 3342
163 269 219 330 13⁰
380 277 415 324 Μ.
435 275 504 324 ΓΑΒ.
524 274 728 333 commum

162 425 316 500 annuendi,
329 425 478 498 renuendi,
499 426 742 502 confirmandique
761 433 870 499 motus,
891 437 958 485 sunt
985 478 986 523 ,

161 533 190 580 et
203 522 391 594 verecundiae,
406 533 434 579 et
448 522 642 594 dubitationis,
657 532 685 580 et
706 522 916 594 admirationis,
929 534 958 580 et

159 617 366 694 indignationis
386 618 447 677 noti
468 629 496 676 et
516 636 682 675 communes
701 618 844 676 omnibus.
887 619 957 676 Solo

160 724 256 772 tamen
271 731 305 770 eo
319 715 413 772 lacere
433 725 544 791 gestum
564 713 673 772 scenici
693 731 806 789 quoque
821 715 956 771 doctores

161 810 293 867 vitiosum
306 821 482 886 putaverunt.
523 811 620 868 Etiam
633 811 765 884 frequens
785 811 850 886 ejus
868 820 956 867 nutus
985 826 986 877 l

157 919 219 964 non
240 915 317 964 caret
337 907 421 964 vitio:
438 907 509 964 adeo
520 907 627 983 jactare
641 906 681 978 id,
691 916 723 963 et
736 923 834 964 comam
848 906 956 963 excuti·
985 884 987 956 l

161 1012 256 1060 entem
270 1015 372 1075 rotare,
387 1002 543 1060 fanaticum
556 1012 607 1059 est.

199 1097 246 1155 72.
274 1097 445 1156 Dominatur
472 1105 568 1153 autem
593 1095 717 1153 maxime
741 1094 846 1152 vultus.
888 1095 954 1152 Hoc

160 1193 313 1270 supplices,
335 1193 389 1249 hoc
410 1191 547 1262 minaces,
568 1191 624 1248 hoe
644 1190 751 1263 blandi,
772 1191 829 1247 hoc
850 1191 953 1257 tristes,

160 1287 216 1347 hoc
230 1289 342 1362 hilares,
357 1289 412 1346 hoc
425 1287 522 1359 erecti,
537 1287 593 1344 lroc
606 1287 749 1343 summissi
761 1299 881 1344 sumus:
903 1287 955 1343 lroo
985 1318 986 1333 κ

159 1387 284 1462 pendent
297 1385 435 1456 homiues,
450 1375 528 1440 hunc
547 1383 702 1454 intuentur,
716 1383 793 1439 lruuc
812 1391 954 1457 spectant,
985 1386 986 1457 s

160 1483 246 1540 etiam
260 1492 409 1556 antequam
423 1481 561 1538 dicimus:
582 1479 639 1536 hoo
658 1479 794 1553 quosdam
816 1497 954 1549 amamus,
985 1517 987 1526 ·

160 1579 216 1636 hoc
243 1573 372 1634 odimus:
401 1577 457 1634 hoc
477 1577 600 1652 plurima
619 1575 813 1652 intelligimus,
835 1575 886 1632 hic
913 1584 956 1632 est

160 1689 236 1747 supe
249 1689 300 1748 pro
314 1672 447 1729 omnibus
460 1673 561 1729 verbis.
602 1672 649 1729 73.
670 1671 770 1746 Itaque
784 1671 814 1728 in
828 1671 875 1741 iis,
890 1689 954 1746 que

161 1770 196 1827 ad
210 1787 324 1826 scenam
339 1780 557 1844 componuntur,
571 1770 674 1827 sabulis
688 1769 810 1826 artifices
829 1787 956 1844 pronun·

161 1863 256 1922 ciandi
271 1865 427 1940 apersonis
448 1883 560 1941 quoque
581 1866 697 1922 affectus
716 1874 903 1922 mutuantur:
924 1875 957 1922 ut

159 1961 197 2019 sit
210 1961 321 2036 A'e'ropa
336 1959 365 2016 in
380 1961 518 2037 tragoedia
536 1963 640 2033 tristis,
654 1970 735 2018 atros
755 1960 867 2037 dledea,
881 1967 957 2018 utto-
985 2016 986 2025 ,

159 2060 238 2116 tritus
251 2059 341 2135 Ajaz,
358 2057 532 2114 truculentus
545 2056 693 2114 Hercules.
734 2057 781 2114 74.
801 2056 836 2112 In
851 2075 957 2114 omnm·
985 2060 986 2073 ¹

160 2157 216 2214 diis
235 2173 302 2213 vero
320 2163 421 2229 preter
443 2153 527 2211 aliam
546 2153 851 2226 observationemque
871 2153 956 2224 serni,
985 2196 986 2235 ,

159 2254 287 2322 lenones,
314 2250 439 2326 parasiti,
466 2250 576 2320 rustici,
603 2249 717 2321 milites,
753 2249 956 2319 meretricale,
985 2248 986 2305 ?

161 2347 379 2414 ancillm‚·senes
394 2347 498 2404 austeri
512 2365 547 2403 ac
560 2345 652 2415 mites,
670 2345 788 2421 juvenes
807 2345 900 2402 severi
923 2362 957 2402 ac
985 2344 986 2395 l

160 2425 306 2517 luxuliosi,
321 2456 465 2517 matronae,
479 2445 590 2519 puellm,
605 2444 678 2500 iuter
692 2461 723 2500 se
742 2443 957 2515 discernuntur,
985 2420 986 2487 l

158 2552 238 2618 pater
253 2541 309 2614 ille,
324 2543 405 2618 cujus
423 2541 575 2617 precipuas
595 2549 688 2614 partes
707 2549 782 2611 sunt,
796 2539 867 2614 quia
886 2540 960 2597 iute-
985 2548 987 2609 l

160 2638 215 2695 rim
236 2639 403 2708 concitatae,
425 2636 539 2693 interim
565 2635 638 2692 leuis
663 2646 716 2706 est,
738 2636 827 2692 altero
846 2647 958 2707 erecto,

163 2735 251 2791 altero
265 2733 421 2808 composito
436 2742 478 2788 est
492 2731 661 2806 supercilio:
684 2741 768 2807 atque
782 2732 811 2788 id
824 2733 960 2790 osteude-

161 2849 192 2887 re
212 2830 334 2886 maxime
354 2829 427 2884 latus
449 2827 591 2883 actoribus
610 2828 697 2885 moris
717 2843 769 2895 est,
791 2829 869 2902 quod
889 2848 960 2886 cum

161 2927 206 2998 iis,
227 2945 297 3002 quas
324 2933 420 3001 agunt,
440 2923 568 2997 partibus
588 2934 735 2998 congruat.
776 2926 823 2982 75.
845 2925 907 2982 Sed
927 2927 960 2983 iu

161 3021 223 3100 ipso
237 3022 315 3080 vultu
334 3009 487 3097 plurimum
507 3017 601 3076 valent
614 3017 701 3090 oculi,
715 3037 766 3096 per
781 3037 855 3096 quos
869 3022 961 3080 maxi-
