1984 3342
252 253 335 302 nasu.
355 253 492 303 nsanos.
512 254 574 304 ms.
593 257 636 304 ru.
655 259 678 305 s,
808 250 864 309 1:15

57 399 341 462 obsecundantibus:
363 415 392 463 et
405 405 435 464 in
449 407 592 465 narrando
611 417 716 480 certus,
730 407 780 465 scd
799 418 861 465 tum

55 499 146 575 paulo
160 501 342 575 productior:
365 511 393 560 et
407 503 436 560 in
450 505 648 580 exprobrando
660 515 689 562 et
703 521 860 582 coarguen-

56 595 96 652 do
118 613 185 652 acer
206 607 290 673 atque
316 599 432 657 instans.
474 599 603 677 Longius
629 601 705 658 enim
730 601 858 676 partibus

55 691 102 749 his
130 703 160 750 et
181 692 300 751 liberius
320 695 452 753 exeritur.
492 696 541 754 98.
561 697 673 755 Vitiose
692 714 760 755 vero
780 698 855 755 idem

53 787 204 846 sinistrum
238 791 318 866 quasi
351 792 501 850 humerum
526 804 627 868 petens
653 793 683 851 in
708 794 783 851 latus
810 793 856 872 agi

53 885 148 944 solet:
171 904 332 963 quanquam
349 889 442 946 adhuc
454 891 536 966 pejus
557 890 644 965 aliqui
665 899 854 949 transversum

52 982 207 1041 brachium
220 986 377 1062 proferunt,
392 997 421 1044 et
434 987 533 1058 cubito
545 987 744 1062 pronunciant.
786 989 854 1047 Duo

52 1099 170 1156 quoque
197 1081 283 1139 medii
305 1083 357 1140 sub
377 1082 510 1158 pollicem
531 1083 668 1142 veniunt:
695 1093 723 1141 et
743 1095 786 1142 est
806 1085 854 1143 hic

51 1177 149 1235 adhuc
162 1177 257 1253 priore
271 1189 367 1255 gestus
381 1179 541 1251 instantior,
555 1179 697 1255 principio
710 1190 739 1238 et
758 1199 854 1240 narra·

49 1273 126 1333 tioni
141 1293 199 1332 non
216 1277 455 1334 accommodatus.
495 1276 543 1333 94.
566 1277 606 1333 At
621 1295 686 1353 cum
706 1286 764 1334 tres
784 1296 853 1336 con·

50 1371 138 1429 tracti
158 1371 264 1447 poliice
290 1384 457 1448 premuntur
463 1391 471 1440 ;
499 1383 561 1429 tum
588 1372 695 1449 digitus
715 1374 773 1446 ille,
795 1392 852 1449 quo

49 1473 137 1526 usum
171 1469 276 1546 optime
310 1469 445 1528 Crassum
479 1467 584 1527 Cicero
610 1469 690 1541 dicit,
717 1469 852 1546 explicari

50 1565 133 1624 solet.
175 1563 205 1622 Is
225 1565 254 1623 in
275 1567 474 1642 exprobrando
494 1576 523 1624 et
543 1566 707 1640 indicando,
728 1567 853 1626 undeet

50 1663 78 1720 ei
106 1679 213 1721 nomen
239 1673 292 1735 est,
319 1663 410 1721 vaiet:
444 1674 472 1721 et
499 1663 619 1722 aiievata
646 1680 680 1722 ac
706 1675 854 1741 spectante

50 1760 203 1817 humerum
223 1777 310 1817 manu
330 1761 447 1835 paulum
461 1760 615 1818 inclinatus
636 1761 854 1820 affirmatrver·

50 1875 99 1914 sus
122 1855 152 1913 in
173 1865 276 1914 terram
296 1865 326 1914 et
346 1857 426 1932 quasi
446 1875 553 1932 pronus
572 1869 671 1934 urget:
700 1859 853 1933 aliquando

49 1970 103 2030 pro
118 1971 240 2011 numero
253 1964 304 2012 est.
344 1955 392 2011 95.
414 1953 494 2011 Idem
507 1973 618 2011 mmmo
630 1955 751 2012 articulo
764 1955 854 2012 utrin-

50 2069 107 2125 que
128 2051 228 2108 leviter
251 2051 437 2126 apprehenso,
452 2048 564 2106 duobus
585 2050 697 2107 modice
717 2051 851 2122 curvatis,

49 2148 147 2204 minus
168 2156 264 2204 tamen
284 2147 413 2217 minimo,
429 2156 511 2220 aptus
533 2145 568 2201 ad
582 2145 784 2219 disputandum
798 2155 849 2205 est.

49 2223 160 2300 Acrius
173 2253 269 2302 tamen
287 2241 479 2321 argumentari
498 2241 640 2312 videntur,
655 2241 704 2315 qui
724 2240 849 2298 medium

49 2341 204 2398 articulum
236 2341 332 2415 potins
358 2348 472 2397 tenent:
506 2346 586 2395 tanto
612 2337 850 2395 contractioribus

48 2437 160 2495 ultimis
194 2437 302 2514 digitis,
337 2446 444 2512 quanto
482 2435 592 2511 priores
630 2433 847 2493 descenderunt.

47 2537 96 2593 96.
126 2533 179 2592 Est
206 2546 234 2593 et
261 2534 308 2592 ille
334 2533 503 2592 verecundae
530 2530 651 2588 orationi
678 2531 848 2606 aptissimus,

48 2651 108 2707 quo
128 2642 250 2707 quatuor
270 2632 368 2708 primis
389 2629 487 2688 leviter
508 2628 538 2685 in
559 2628 701 2684 summurn
722 2629 850 2686 coeunti·

46 2731 103 2786 bns
118 2727 225 2804 digitis,
240 2747 297 2785 non
312 2727 409 2804 procul
427 2727 462 2784 ab
476 2745 525 2784 ore
540 2734 588 2781 aut
600 2734 717 2800 pectore
730 2726 850 2782 refertur

48 2826 83 2884 ad
111 2844 165 2882 nos
192 2843 302 2896 manus,
330 2834 359 2883 et
384 2823 487 2881 deinde
513 2840 604 2898 prona
638 2839 672 2878 ac
703 2821 850 2896 paululum

45 2923 159 2998 prolata
172 2921 289 2980 laxatur.
331 2920 379 2979 97.
400 2919 467 2979 Hoc
487 2919 573 2976 modo
593 2917 712 2992 coepisse
732 2913 850 2972 Demos-

46 3021 168 3078 thenem
202 3020 289 3078 credo
323 3018 352 3076 in
380 3017 430 3074 illo
455 3035 508 3092 pro
537 3012 724 3088 Ctesiphonte
749 3009 850 3069 timido
