1984 3342
146 233 186 294 01
230 252 233 260 ·
374 195 720 296 11.111.0111111111111’

147 389 294 448 contentio
307 398 358 447 est.
402 388 466 447 100.
488 388 658 447 Cedendum
672 387 782 446 veroin
802 387 861 445 hoc
881 387 940 463 qui·

146 485 222 557 dem,
240 484 316 561 quod
336 484 385 544 ille
405 495 434 544 et
452 485 530 562 prior
550 484 612 556 suit,
634 495 663 542 01
682 503 718 542 ex
738 503 842 562 magna
861 495 940 560 parte

146 581 328 654 Ciceronem,
348 591 471 658 quantus
490 591 543 652 est,
557 581 635 640 fecit.
676 580 754 638 Nam
774 581 845 638 mihi
866 580 941 637 vide·

146 687 192 735 tur
219 677 259 737 M.
280 678 407 751 Tullius,
429 695 495 735 curn
523 674 555 747 se
580 687 672 734 totum
693 679 729 734 ad
749 676 939 734 imitationem

144 773 313 832 Graecorunr
333 774 510 846 contulisset,
531 773 674 832 effinxisse
693 773 750 830 vim
770 772 940 830 Demosthe-

145 870 200 942 nis,
236 871 348 946 copiam
380 871 519 944 Platonis,
550 870 762 948 jucunditatem
794 868 938 927 Isocratis.

147 968 212 1025 100.
233 966 300 1026 Νο0
327 986 393 1026 1010
420 968 497 1043 quod
524 967 555 1024 in
582 985 697 1042 quoque
715 966 855 1042 optimum
877 965 939 1036 fuit,

144 1063 240 1123 studio
265 1075 437 1122 consecutus
457 1074 501 1122 eat
519 1073 641 1135 tantum,
661 1063 711 1121 sed
730 1062 877 1139 plurimas,
897 1062 940 1119 vel

144 1159 239 1236 potius
249 1179 349 1218 ornnes
359 1179 397 1218 ex
407 1179 438 1218 se
452 1161 515 1237 ipso
528 1161 647 1218 virtutes
659 1158 761 1217 extulit
775 1157 941 1215 immortalis

144 1255 253 1334 ingenii
267 1257 431 1315 beatissima
450 1258 587 1314 ubertate.
629 1255 698 1312 Non
719 1256 796 1312 enirn
811 1254 940 1330 pluvias,

143 1363 176 1410 ut
190 1353 229 1411 ait
248 1353 398 1424 Pindarus,
413 1373 504 1430 aquus
526 1351 655 1427 colligitr
674 1351 724 1408 sed
740 1351 803 1407 vico
821 1351 942 1425 gurgite

144 1450 276 1521 00111101,
297 1450 374 1506 dono
400 1449 525 1524 quodam
549 1448 736 1525 providentiae
762 1447 887 1523 genitus,
910 1447 941 1504 in
975 1524 976 1529 ¹

145 1561 202 1619 quo
241 1554 315 1602 totas
349 1545 422 1601 vires
455 1563 521 1601 suas
555 1544 718 1620 eloquentia
756 1543 940 1619 experiretur.

146 1639 211 1696 110.
233 1624 311 1696 Nani
324 1640 387 1714 quis
408 1639 513 1697 docere
533 1639 710 1716 diligentius,
724 1658 840 1696 morere
860 1640 942 1697 vehe-

145 1735 269 1794 mentius
290 1737 402 1810 potesti
443 1735 501 1793 Oui
528 1746 607 1793 tanta
627 1755 751 1812 unquam
775 1735 942 1812 jucunditas

146 1830 242 1888 affuitl
282 1830 348 1907 Ipsa
368 1831 426 1903 illa,
441 1852 503 1906 quae
524 1842 682 1907 extorquet,
704 1833 857 1908 impetrare
876 1851 941 1890 eum

145 1927 255 1998 credas,
270 1937 308 1999 01,
323 1947 389 1985 curn
402 1937 593 1986 transversum
606 1929 634 1985 vi
648 1947 699 1984 sua
716 1928 845 2004 judicem
861 1929 941 2002 ferat,
975 1932 976 1967 l

144 2033 240 2082 tamen
249 2025 297 2084 ille
309 2043 367 2082 ncrr
376 2025 435 2102 rapi
447 2024 643 2097 videatur‚sed
654 2025 743 2098 sequi.
789 2026 854 2083 lli.
876 2025 941 2082 Jaur
975 2086 976 2093 1

145 2120 175 2180 in
196 2123 338 2193 omnibus,
353 2141 416 2197 quae
437 2121 517 2192 dicit,
538 2130 617 2178 tanta
637 2121 791 2178 auotoritas
811 2121 897 2192 inest,
910 2131 943 2178 ut
975 2116 976 2195 1

144 2218 295 2277 dissentire
321 2219 441 2293 pudeat:
475 2234 532 2276 nec
566 2216 695 2273 advocati
728 2217 864 2290 studium,
892 2218 942 2275 sed
975 2198 976 2279 1

144 2315 224 2372 testis
239 2325 287 2372 aut
298 2315 404 2390 judicis
419 2314 518 2371 afferat
531 2313 633 2383 fidem3
655 2331 721 2369 curn
743 2313 859 2371 interim
881 2316 943 2372 haec
975 2294 976 2355 1

145 2411 251 2481 omnia,
273 2429 335 2484 quae
362 2411 409 2466 vix
434 2409 548 2486 singula
573 2410 723 2484 quisquam
751 2410 944 2469 intentissima

146 2523 216 2563 cura
242 2506 379 2580 consequi
406 2516 512 2580 posset,
533 2505 626 2562 fluunt
653 2506 811 2579 illaborata,
833 2509 942 2579 utillo,
975 2534 977 2539 ’

147 2619 203 2675 qua
216 2600 286 2658 nihil
300 2601 448 2676 pulchrius
464 2601 561 2658 auditu
577 2612 629 2673 est,
644 2603 736 2660 oratio
755 2623 814 2680 prae
835 2622 867 2661 se
889 2605 944 2662 sert

146 2705 242 2754 tamen
256 2697 449 2754 felicissimam
464 2697 638 2756 facilitatem.
681 2701 746 2758 112.
766 2699 870 2762 Quare
884 2719 942 2758 non
975 2748 977 2779 ,

147 2792 290 2850 immerito
312 2794 347 2849 ab
367 2793 532 2850 hominibus
558 2795 650 2851 artatis
676 2815 735 2852 suae
761 2815 885 2870 regnare
910 2798 942 2852 in
975 2781 977 2879 1

144 2887 268 2966 judiciis
295 2887 390 2946 dictus
409 2899 468 2947 est:
498 2890 572 2965 apud
591 2901 718 2965 posteros
737 2909 804 2948 vero
824 2891 854 2948 id
875 2910 944 2949 con·
975 2900 977 2915 '

151 2993 273 3060 secutus,
300 2997 332 3044 ut
358 2983 464 3044 Cicero
495 2984 555 3064 jam
581 3003 640 3044 noa
668 2985 792 3044 hominis
824 3004 944 3061 nomen,
975 3011 977 3055 t
