1984 3342
153 217 210 300 μη
374 222 410 270 rc
428 221 499 268 aaa.
518 217 722 284 cummunio

153 374 239 436 totius
259 370 422 432 certaminis
442 371 551 443 ordine,
564 388 622 446 quo
641 367 708 428 dato
721 375 844 426 errasset
855 383 947 424 recor-

154 471 245 541 datus,
268 463 357 526 rediit*
374 467 409 524 ad
430 486 507 538 eum,
527 467 645 543 quicum
667 467 784 539 luserat,
803 466 885 538 isque
908 463 947 520 ita

155 567 261 626 factum
295 583 356 622 esse
383 563 530 622 coufessus
557 574 618 620 est:
652 563 746 620 minus
774 561 852 618 idem
878 560 947 618 ordo

154 663 258 722 valebit
272 666 302 720 in
316 661 453 734 oratione,
462 661 619 736 praesertim
629 669 706 718 totus
718 669 818 716 nostro
831 657 947 718 arbitrio

155 761 336 832 constitutus,
364 777 430 816 cum
463 768 573 814 tantum
606 757 655 816 ille
686 756 778 815 valeat
805 756 946 815 alternus?

155 859 201 916 39.
223 857 318 917 Etiam
332 875 394 932 quae
408 856 482 914 bene
496 853 654 930 composita
672 863 767 923 erunt,
780 853 947 912 memoriam

155 955 228 1013 serie
255 973 306 1012 sua
332 954 445 1011 ducent.
499 951 577 1008 Narn
603 951 679 1008 sicut
713 949 826 1009 facilius
851 968 947 1008 versus
987 936 989 945 i

156 1051 320 1122 ediscimus,
341 1069 425 1126 quam
451 1067 566 1125 prosam
592 1048 769 1105 orationem:
797 1047 838 1104 ita
857 1065 946 1124 prosae
987 1096 989 1155 ,

156 1149 260 1222 vincta,
276 1167 360 1224 quam
380 1147 525 1206 dissoluta.
567 1145 618 1203 Sic
638 1144 788 1220 contingit,
809 1154 842 1201 ut
862 1145 947 1202 etiam
987 1158 988 1223 q

156 1265 218 1322 qum
239 1263 274 1304 ex
301 1256 426 1320 tempore
453 1242 620 1300 videbantur
649 1242 749 1307 effusa,
769 1240 804 1296 ad
831 1241 948 1300 verbum
987 1226 989 1299 i

156 1344 275 1418 repetita
296 1343 464 1400 reddentur:
485 1339 562 1416 quod
581 1357 652 1396 meae
672 1357 784 1414 quoque
803 1339 947 1396 memorie
987 1322 988 1409 i

156 1439 381 1496 mediocritatem
402 1437 583 1512 sequebatur,
597 1435 622 1492 si
641 1435 755 1510 quando
775 1435 948 1494 interventus

157 1535 324 1611 aliquorum,
340 1535 389 1608 qui
402 1535 480 1590 hunc
494 1533 632 1590 honorem
645 1542 833 1603 mererentur,
846 1533 950 1593 iterare
987 1560 988 1565 ¹

156 1629 370 1688 declamationis
383 1638 492 1704 partem
507 1629 665 1706 coegisset:
679 1647 734 1686 nec
743 1638 787 1688 est
799 1629 950 1689 mendacio

155 1726 247 1795 locuS,
263 1725 346 1782 salvis
360 1726 408 1800 qui
423 1725 620 1784 interfuerunt

194 1823 241 1879 40.
269 1822 301 1878 Si
322 1822 385 1897 quis
411 1833 505 1879 tameo
527 1841 614 1880 uuam
632 1822 843 1897 maximamque
863 1841 881 1880 a
905 1842 952 1882 me

157 1931 244 1976 artem
258 1919 402 1976 memoriae
423 1928 540 1992 quaerat,
554 1920 717 1977 exercitatio
737 1929 830 1978 estet
851 1920 952 1978 labor:
987 1914 988 1973 i

156 2015 246 2072 multa
260 2015 397 2086 ediscere,
411 2015 502 2072 mults
515 2015 652 2092 cogitare,
667 2025 705 2086 et,
720 2016 745 2074 si
764 2016 827 2074 fieri
847 2027 951 2093 potest,
987 2079 989 2085 ,

157 2112 293 2188 quotidie,
307 2111 535 2188 potentissimum
548 2122 599 2170 est.
639 2111 722 2170 Nihil
737 2131 818 2188 aeque
838 2115 883 2172 vel
905 2133 952 2172 au·

156 2222 238 2286 getur
252 2208 382 2278 cura,vel
397 2209 571 2285 negligentia
585 2208 739 2268 intercidit
779 2211 828 2268 41.
849 2211 952 2273 Quare
987 2206 988 2209 ’

156 2318 184 2362 et
197 2305 277 2382 pueri
291 2304 394 2374 statim,
404 2316 435 2362 ut
442 2305 574 2380 praecepi,
586 2325 669 2380 quam
678 2306 801 2382 plurima
810 2307 952 2378 ediscant,

156 2414 194 2474 et,
208 2421 385 2478 quaecunque
400 2403 472 2462 'aetas
493 2422 608 2479 operam
625 2403 757 2479 juvandae
777 2405 875 2462 studio
895 2425 954 2464 mc·
987 2428 989 2525 ν

156 2499 253 2556 moriae
265 2499 351 2569 dabit,
363 2499 478 2558 devoret
491 2501 574 2558 initio
588 2501 703 2558 taedium
718 2501 831 2560 illudet
844 2503 954 2580 scripta
987 2534 988 2571 2

156 2604 185 2650 et
198 2594 272 2652 lecta
286 2595 388 2670 saepius
402 2597 574 2668 revolvendi,
585 2607 614 2654 et
623 2597 704 2672 quasi
714 2597 838 2656 eundem
852 2600 953 2658 cibum
987 2582 988 2597 ἶ

156 2691 348 2749 remandendi.
389 2691 478 2754 Quod
493 2693 585 2766 ipsum
599 2693 654 2750 hoc
667 2693 729 2750 fieri
742 2704 836 2768 potest
849 2695 954 2769 levius,

155 2786 179 2842 si
199 2806 291 2862 pauca
316 2787 448 2862 primum,
469 2797 498 2844 et
523 2806 585 2860 quae
613 2788 710 2846 odium
735 2808 794 2846 nou
822 2791 955 2866 afferant,

156 2883 325 2958 coeperimus
339 2881 484 2938 ediscere:
499 2892 560 2938 tum
574 2885 702 2957 quotidie
716 2885 842 2960 adjicere
855 2889 956 2966 siugu-

155 2975 198 3036 ¹0s
212 2995 319 3050 versus,
333 2994 453 3054 quorum
467 2978 594 3037 accessio
614 2979 705 3039 labori
722 2998 839 3040 mum
860 2984 956 3045 iucre-
