1984 3342
246 235 671 287 ussermannus.
709 271 711 276 .
798 229 856 291 ltt

55 414 59 424 ·
88 383 165 448 'ltu
193 385 331 458 Primum,
345 388 419 466 quir,
435 387 514 464 opud
524 407 603 465 quos,
616 387 718 466 quibas
732 405 856 465 petuo

55 485 135 544 tibus
161 484 200 541 sit
227 495 350 542 aeturus.
391 484 420 542 N
424 503 469 542 am
488 495 521 542 ut
540 485 638 543 dicere
654 484 714 544 alia
733 485 805 557 aliis,
825 495 855 544 et

55 580 134 656 apud
149 580 220 637 alios
233 580 325 658 magis
338 599 508 642 oonoessum
522 591 579 638 est:
593 582 637 638 sio
650 581 736 639 etiam
750 582 853 641 facere.

54 676 163 752 Neque
196 669 305 734 eaddm'
330 677 360 735 in
393 696 473 750 vooe,
507 689 599 754 gestu,
626 679 750 750 incessu,
778 678 854 754 apud

53 773 227 850 prinoipem,
254 783 394 844 senatum,
421 775 568 851 populum,
589 775 778 852 magistratus,
797 775 855 852 pri·

54 879 131 942 vato,
145 870 263 945 publico
273 871 394 948 judicio,
407 871 608 946 postulatione,
622 872 735 930 aotioue
755 871 855 930 simili-

54 967 239 1026 terdeoent.
289 967 388 1030 Quam
415 967 604 1025 differentiam
629 969 771 1045 subjicere
795 969 852 1028 sibi

54 1063 187 1138 quisque,
202 1063 251 1138 qui
266 1064 392 1122 animum
407 1064 570 1132 intenderit,
583 1074 684 1140 potest

97 1162 163 1218 151.
192 1161 270 1218 Tum
297 1180 353 1236 qua
380 1162 416 1218 de
442 1179 474 1218 re
493 1161 581 1232 dioat,
602 1171 632 1218 et
650 1161 765 1218 efficere
783 1161 853 1237 quid

53 1257 131 1315 velit.
173 1255 232 1315 Rei
253 1257 429 1334 quadruplex
447 1257 608 1321 observatio
633 1267 684 1314 est.
731 1257 796 1314 Una
820 1256 852 1314 iu

54 1363 116 1412 totu
136 1371 231 1412 eausa.
271 1355 347 1412 Sunt
367 1354 442 1412 euim
462 1354 568 1425 tristes,
583 1353 697 1425 hilarari,
711 1352 851 1425 sollicitas,

54 1467 175 1522 aeourre,
190 1451 320 1526 grandes,
335 1451 461 1526 pusillae3
483 1451 573 1508 utrix
586 1469 711 1526 unquam
723 1450 764 1508 ita
776 1449 854 1507 solli-

54 1546 139 1609 eitari
153 1547 281 1622 partibus
295 1565 393 1604 earum
406 1547 570 1618 debeamus,
581 1557 614 1604 ut
623 1566 682 1605 rrou
691 1557 721 1604 et
733 1563 852 1604 summe

53 1643 278 1702 meminerimus.
322 1645 387 1702 152.
408 1643 524 1716 Altera,
539 1663 602 1719 quae
615 1654 659 1702 est
672 1643 703 1701 iu
722 1643 853 1701 differen-

53 1739 95 1798 tia
107 1739 242 1816 partium,
257 1749 289 1796 ut
302 1739 332 1796 iu
346 1739 494 1816 proram-io,
516 1740 688 1811 narratione,
703 1757 852 1816 argumen-

54 1834 173 1908 tatione,
195 1835 316 1912 epilogo.
364 1835 465 1893 Tertr‘u
491 1836 522 1892 in
548 1836 696 1894 sententiis
722 1835 800 1912 ipsis,
821 1835 852 1892 iu

53 1933 160 2009 quibus
173 1932 333 1990 seeundum
346 1950 392 1989 res
406 1942 435 1989 et
450 1933 569 1990 affectus
582 1933 725 1990 variantur
745 1931 850 1989 omnia.

56 2029 179 2098 Quarta
193 2029 223 2086 in
236 2028 339 2101 verbis,
349 2047 470 2104 quorum
484 2039 516 2086 ut
529 2039 572 2086 est
581 2028 725 2098 vitiosa,si
739 2028 853 2084 efficere

52 2126 153 2184 omnia
172 2125 302 2197 velimus,
316 2125 455 2184 imitatio:
477 2125 517 2181 ita
533 2123 706 2198 quibusdam
724 2121 782 2178 nisi
800 2139 853 2180 sua

52 2234 158 2282 natura
170 2222 306 2294 redditur,
320 2222 363 2279 ris
376 2221 469 2280 omnis
484 2220 616 2278 aufertur.

94 2321 163 2379 153.
190 2319 283 2396 Igitur
305 2319 334 2377 in
348 2318 577 2388 laudationibus,
597 2315 654 2373 nisi
674 2315 699 2372 si
720 2314 855 2373 funebres

52 2427 149 2489 erunt,
164 2416 318 2493 gratiarum
340 2415 461 2486 notione,
483 2413 687 2485 exhortatione,
701 2412 851 2481 similibus,

52 2515 121 2574 leste
131 2524 161 2572 et
173 2513 327 2590 magnifiee
339 2524 368 2570 et
380 2511 510 2569 sublimis
523 2521 567 2568 est
580 2510 663 2570 aetio.
704 2509 854 2569 Funebres

53 2609 224 2681 oonoiones,
245 2609 465 2679 consolationes,
485 2609 653 2685 plerumque
679 2626 773 2666 oausae
792 2625 853 2665 reo·

52 2725 129 2778 rum,
143 2707 240 2764 tristes
254 2716 338 2781 atque
358 2705 524 2764 summisse.
563 2703 599 2761 In
619 2714 720 2764 senatu
740 2721 854 2762 oonser·

53 2802 149 2862 vande
170 2803 334 2874 auotoritas,
350 2801 424 2877 apud
443 2801 580 2877 populum
598 2801 732 2878 dignitas,
746 2800 776 2856 in
795 2797 853 2874 pri·

53 2899 129 2957 ratis
143 2898 252 2956 modus.
287 2897 333 2956 De
346 2899 474 2975 partibus
482 2916 586 2966 oausae,
594 2906 624 2954 et
635 2893 783 2954 sententiis
791 2909 852 2948 rer·

54 2995 169 3073 bisque,
183 3013 250 3072 quae
267 3003 334 3054 sunt
353 2993 532 3068 multiplicia,
544 2991 674 3068 pluribus
686 2985 851 3046 dicendum.

296 3086 359 3148 13⁸
