1984 3342
153 252 210 316 140
374 263 409 314 Μ.
429 265 498 314 FAB.
519 262 724 322 Qmmmtaltt

150 423 194 472 ter
209 416 415 488 accommodat,
425 415 484 473 sire
499 416 529 474 in
543 415 649 494 digitos
664 424 834 493 argumenta
847 413 953 494 digeri·

151 525 224 582 mus,
235 512 294 569 sire
309 511 412 569 aversis
426 511 456 570 in
470 513 617 570 sinistrum
626 511 729 589 palmis
740 512 950 582 abominamur,

150 606 210 665 aive
236 607 386 685 objicimus
407 609 546 677 adversas,
568 608 628 667 sire
654 610 684 666 in
704 609 779 666 latus
798 617 951 684 utramque

150 701 347 777 distendimus,
363 705 422 763 site
437 705 654 773 satisfacientes,
676 715 725 763 aut
744 705 949 780 supplicantes.

151 799 216 858 115.
238 799 350 859 Diversi
366 812 459 860 autem
473 811 539 859 sunt
552 802 581 858 hi
596 812 702 879 gestus,
717 801 777 858 sive
797 801 951 858 summitti·

150 914 223 969 mus,
234 895 293 955 aive
308 897 460 956 adorante!
473 898 636 970 attollimus,
651 899 711 956 sive
726 897 821 973 aliqua
834 898 950 956 demon·

150 992 286 1051 stratione
303 1004 351 1052 aut
365 994 545 1054 invocatione
553 995 757 1070 protendimus,
773 993 949 1052 VosAlbuar‘

150 1089 252 1147 tumuli
265 1098 349 1166 atque
369 1089 434 1148 luci.
476 1091 538 1148 Aut
557 1091 761 1148 Gracchanum
782 1090 865 1162 illud,
883 1090 946 1159 Qua

149 1205 190 1244 me
215 1187 298 1245 miser
324 1183 488 1264 conferam?
509 1188 541 1244 t'rt
569 1187 753 1263 Capitolium,
774 1187 816 1244 ad
831 1187 945 1264 fratris

149 1284 339 1359 sanguinem?
361 1305 398 1342 an
412 1283 541 1342 mnam?
584 1284 649 1341 116.
670 1282 740 1341 Plus
761 1284 840 1342 enim
863 1283 943 1342 affec-

149 1381 238 1438 tasin
253 1379 415 1458 bisjunotae
430 1381 566 1439 exhibent
582 1381 706 1444 manual
728 1381 758 1438 in
777 1381 867 1438 rebus
886 1400 945 1457 par-

149 1477 201 1550 vis,
216 1475 353 1549 tristibus,
368 1478 484 1536 mitibus
497 1478 616 1548 breves,
637 1477 759 1555 magnis,
774 1476 859 1550 laetis,
876 1488 943 1535 atro·

150 1573 231 1631 cibus
245 1574 407 1632 exertiores.

188 1667 268 1727 Vitia
301 1687 414 1745 quoque
447 1686 546 1728 earum
572 1669 753 1748 subjicienda
778 1681 856 1743 sunt,
883 1689 942 1748 que

149 1765 265 1839 quidem
292 1766 424 1824 accidere
444 1767 531 1824 etiam
551 1767 715 1826 exercitatis
739 1767 885 1826 actoribus
903 1787 944 1825 so·

148 1859 216 1918 lent.
260 1862 324 1920 117.
346 1861 423 1919 Nam
437 1861 550 1940 gestum
569 1864 705 1940 poculum
725 1865 882 1940 poscentis,
897 1875 945 1922 aut
985 1868 986 1933 1

147 1961 266 2018 verbera
291 1959 436 2033 minantis,
465 1971 513 2020 aut
539 1979 691 2021 numerum
722 1965 944 2040 quingentorum

148 2055 222 2116 flexo
241 2058 346 2136 pollice
366 2055 526 2130 efficientis,
548 2079 611 2135 quae
637 2070 705 2117 sunt
731 2079 748 2117 a
774 2060 944 2135 quibusdam

148 2152 333 2230 scriptoribus
360 2163 466 2226 notata,
487 2169 525 2212 ne
552 2153 582 2210 in
602 2155 719 2212 rusticis
739 2154 857 2231 quidem
876 2155 941 2213 ridi.

149 2253 214 2310 118.
235 2251 276 2309 At
290 2263 320 2310 ut
341 2252 458 2310 brachio
479 2263 576 2311 exerto
590 2251 802 2328 introspiciatur
815 2252 899 2327 latus,
913 2263 943 2312 nt

147 2365 263 2406 manum
285 2348 356 2406 alius
379 2350 453 2408 ultra
473 2349 568 2407 sinum
587 2347 714 2425 prolerre
740 2368 800 2407 non
829 2351 941 2423 audeat,

148 2443 229 2516 alius,
245 2444 274 2503 in
295 2455 433 2521 quantum
453 2456 530 2524 patet
544 2445 704 2523 longitudo,
718 2448 881 2522 protendat,
896 2459 943 2506 aut

148 2538 182 2597 ad
196 2551 302 2600 tectum
318 2543 417 2620 erigat,
433 2553 481 2602 aut
494 2543 615 2619 repetito
628 2543 703 2600 ultra
721 2541 825 2601 laerum
845 2541 943 2602 burne-

146 2651 208 2694 rum
229 2647 312 2715 gestu
332 2640 372 2697 ita
392 2637 421 2696 in
442 2650 554 2715 tergum
575 2637 708 2715 flagellet,
730 2649 762 2696 ut
783 2640 943 2699 consistere
982 2658 983 2713 J

145 2740 209 2808 post
230 2749 296 2792 eum
315 2753 415 2811 parum
436 2744 530 2792 tutum
550 2730 597 2807 ait,
619 2746 667 2792 aut
687 2736 835 2793 sinistrum
856 2737 943 2796 ducat

145 2827 253 2898 orbem,
282 2840 330 2888 aut
356 2841 462 2888 temere
488 2847 585 2905 sparsa
611 2849 697 2889 manu
731 2832 762 2890 in
795 2835 943 2908 proximos
981 2832 982 2853 ³

145 2925 279 2999 offendat,
295 2936 341 2985 aut
356 2923 484 2984 cubitum
498 2937 651 3002 utmmqne
665 2927 694 2985 in
708 2927 854 2989 diversum
868 2932 944 2991 latus

145 3024 270 3099 ventilet,
291 3037 365 3102 sepe
391 3021 452 3083 scio
478 3023 601 3084 evenire.
643 3025 707 3085 119.
729 3026 811 3086 Solet
830 3043 898 3090 esse
916 3040 945 3090 et
