1984 3342
230 227 547 321 insumuntur
567 272 611 321 u.
628 275 650 320 ι
781 267 838 328 roo

42 417 132 475 menti
146 432 204 476 non
219 419 325 492 efferor,
340 419 370 478 in
383 439 523 480 summum
537 423 573 482 cd
586 423 727 482 infinitum
748 442 839 502 usque

42 514 204 588 perveniet:
226 528 254 574 et
266 518 381 592 podtica
393 519 481 594 prius,
496 530 557 576 tum
577 532 731 594 oratorum,
745 523 839 582 novis·

41 609 113 667 sime
132 611 218 668 ctiam
240 613 375 672 solutiore
394 616 531 687 numeris,
550 626 579 674 et
605 617 696 694 magis
721 619 757 676 eb
782 637 836 677 usu

40 705 158 764 dicendi
191 722 308 782 remota,
337 712 431 786 queiiu
464 725 530 769 suut
560 713 835 789 jurisconsultorum.

40 803 86 860 42.
109 803 281 863 Difficilioru
300 807 377 865 enirn
397 808 502 866 debent
521 826 593 881 csse,
608 828 671 884 que
690 823 834 884 exercent,

40 917 97 974 quo
111 901 149 958 sit
162 901 252 960 levius
273 903 366 978 ipsum
386 904 467 976 illud,
483 905 513 964 in
533 907 610 980 quod
630 920 780 966 exercent:
804 918 836 966 ut

41 997 153 1056 athlete
166 999 341 1074 ponderibus
352 999 493 1076 plumbeis
510 1003 703 1060 assuefaciunt
723 1023 833 1078 munus,

40 1093 145 1166 quibus
158 1095 257 1152 vacuis
270 1105 299 1152 et
312 1095 396 1153 nudis
411 1097 439 1154 in
454 1098 610 1154 certamine
624 1099 762 1156 utendum
780 1110 832 1158 est

38 1187 107 1246 Non
116 1189 247 1248 omittam
255 1192 350 1264 etium,
362 1193 434 1267 quod
450 1192 622 1268 quotidianis
634 1195 833 1269 experimentis

38 1286 270 1360 deprehenditur,
292 1289 410 1347 minime
429 1289 542 1347 fidelem
561 1307 623 1347 esse
642 1290 728 1365 paulo
746 1291 833 1348 tardi·

37 1383 137 1442 oribus
150 1384 274 1460 ingeniis
286 1394 430 1443 recentem
440 1385 615 1442 memoriam.
655 1385 702 1443 43.
724 1385 832 1445 Mirum

38 1479 118 1536 dictu
147 1490 200 1552 est,
225 1499 280 1538 uec
308 1482 338 1539 in
363 1491 476 1558 promtu
503 1481 586 1553 ratio,
613 1490 748 1556 quantum
775 1501 832 1540 nox

38 1575 205 1652 interposite
219 1577 316 1635 efferat
336 1578 485 1650 firmitatis,
499 1577 559 1635 sive
579 1577 732 1652 requiescit
750 1578 832 1636 labor

37 1672 95 1743 iile,
109 1672 192 1749 cujus
205 1673 259 1730 sibi
274 1673 334 1749 ipse
346 1675 476 1751 fatigatio
495 1674 633 1746 obstabat,
648 1673 708 1733 sire
727 1693 831 1734 conco·

37 1769 143 1844 quitur,
156 1789 207 1828 seu
234 1780 400 1843 maturetur,
421 1789 483 1847 quae
503 1771 664 1830 firmissimo
683 1772 747 1848 ejus
764 1791 831 1848 pars

36 1875 87 1938 est,
102 1867 281 1926 recordatio:
303 1887 365 1942 qum
379 1868 474 1925 statim
494 1868 592 1925 referri
612 1887 670 1928 non
689 1880 828 1945 poterunt,

36 1974 227 2021 contexuntur
240 1974 355 2039 postera
368 1963 424 2035 die,
439 1964 644 2040 confirmatque
664 1966 829 2024 memorium

36 2059 111 2117 idem
125 2059 196 2117 illud
209 2070 330 2136 ternpus,
345 2061 421 2135 quod
434 2079 498 2118 esse
511 2061 541 2117 iu
561 2079 649 2118 causa
667 2060 738 2118 sciet
757 2061 829 2118 obii·

35 2156 135 2214 vionis.
176 2157 222 2215 44.
244 2155 339 2214 Etiam
354 2156 555 2232 illoprmvelox
575 2155 633 2214 sere
653 2156 711 2212 cito
730 2156 827 2228 effluit,

35 2261 72 2324 u,
94 2253 174 2312 vern
198 2238 331 2329 prasenti
359 2253 453 2312 officio
480 2253 578 2310 nucu
597 2251 667 2308 nun
689 2250 720 2308 u
738 2261 828 2327 poste„
892 2329 900 2338 .

33 2368 97 2407 rum
110 2350 222 2422 debeat,
237 2361 370 2425 tunquam
391 2349 508 2408 dimissa
529 2347 658 2406 discedit.
699 2346 765 2406 Neo
784 2358 827 2406 est

33 2447 148 2520 mirum,
169 2447 259 2526 magis
279 2448 386 2506 baerere
409 2447 514 2518 animo,
535 2465 598 2520 quoe
618 2444 725 2502 diutius
745 2445 827 2504 affixe

33 2543 97 2604 sint.

71 2641 117 2699 Ex
136 2642 192 2700 hac
212 2641 390 2720 ingeniorum
410 2641 571 2699 diversitate
594 2648 661 2696 nete
686 2639 826 2701 dubitatio

32 2747 84 2810 est,
106 2738 147 2796 ud
171 2739 282 2796 verbum
308 2740 347 2796 st't
367 2738 541 2796 ediscendum
560 2737 692 2807 dicturis,
711 2755 750 2793 cn
769 2738 826 2794 cius

30 2835 109 2892 modo
122 2853 215 2892 rerum
229 2843 313 2914 utque
326 2835 448 2893 ordinem
462 2834 604 2911 complecti
617 2833 690 2890 sctis
709 2833 767 2889 sit.-
787 2832 826 2890 de

30 2948 88 3004 quo
101 2931 164 2989 siue
177 2932 266 2989 dubio
279 2949 337 2990 non
356 2940 449 3006 potest
468 2931 499 2988 in
519 2928 681 2986 uuiversum
700 2942 824 3002 pronun·

29 3026 110 3086 ciui.
151 3029 198 3086 to.
220 3027 298 3087 Num
317 3027 341 3084 si
362 3025 500 3086 memorie
518 3024 697 3098 suffragatur,
710 3032 823 3095 tempus
