1984 3342
144 191 185 252 60
370 195 408 246 Μ.
427 195 723 255 rsuuunvnusul

143 347 289 410 Hmciom
321 349 466 408 kumene
499 348 655 408 tradiderit
680 347 860 408 Hortmioe
899 367 942 421 an,

145 446 336 506 Ocnvmiutne
355 466 400 505 res
421 447 491 505 tulis
518 447 587 505 bono
613 447 700 504 ciro?
742 445 790 504 De
815 447 943 522 personia

145 543 301 621 judicatur,
317 543 368 602 sed
381 543 418 601 de
431 544 519 601 rebus
538 543 731 602 contenditur.
773 543 819 602 14.
841 543 943 602 Decla-

142 640 283 700 mationes
297 657 376 713 vero,
390 641 489 716 quales
503 640 535 698 in
548 639 656 698 scholis
676 640 823 699 rhetorum
843 640 940 699 dicun·

141 747 200 809 tur,
214 737 339 796 simodo
352 737 475 796 suntad
495 737 645 795 veritatem
667 737 903 806 accommodatus,
916 747 942 796 et

142 835 318 894 orationibus
345 835 462 908 similes,
483 853 543 892 nou
568 844 682 892 tantum
707 835 777 892 dum
804 835 941 894 adolescit
973 908 975 917 Ι

141 932 297 1010 profectus,
318 942 384 991 sunt
410 931 581 1003 utilissimae,
602 949 665 1006 quae
692 932 891 990 inventionem
914 941 941 990 et

142 1029 357 1107 dispositionem
372 1030 478 1106 pariter
492 1039 638 1101 exercent,
653 1029 705 1086 sed
718 1029 807 1088 etiam
820 1047 888 1087 cum
902 1038 941 1086 est

142 1138 366 1201 consummatus,
377 1147 411 1186 ac
422 1127 480 1204 jam
493 1126 523 1184 in
535 1127 598 1184 foro
610 1125 714 1184 clarus.
756 1126 854 1184 Alitur
867 1127 940 1186 enin

142 1235 227 1302 utque
241 1225 383 1297 enitescit,
398 1225 477 1282 velut
494 1223 603 1300 pabulo
621 1222 741 1295 letiore,
756 1223 903 1296 facundia,
915 1233 940 1282 et

142 1321 256 1381 assidue
280 1322 497 1382 contentionum
519 1320 671 1396 asperitate
692 1320 809 1398 fatigato
828 1338 941 1380 renora-

140 1429 195 1479 tur.
239 1423 283 1478 15.
304 1421 489 1496 Quapropter
500 1418 627 1477 historiae
640 1435 848 1493 nonnunquam
863 1420 941 1479 ubet·
973 1454 975 1491 r

140 1525 184 1575 tas
204 1517 234 1574 in
262 1517 359 1592 aliqua
384 1516 538 1574 exercendi
565 1515 623 1574 stili
648 1526 731 1592 purte
749 1517 894 1591 ponenda,
915 1526 940 1575 et
973 1520 974 1565 i

140 1613 320 1690 dialogorum
346 1613 477 1671 libertate
510 1613 700 1689 gestiendum,
740 1612 789 1672 Ne
816 1614 941 1672 carmine
973 1568 975 1627 ι

141 1709 258 1784 quidem
278 1709 377 1766 ludere
398 1709 575 1766 contrarium
596 1710 699 1769 suerit:
721 1709 798 1767 sicut
819 1711 940 1782 athletae,

139 1805 259 1863 remissa
292 1805 463 1880 quibusdam
495 1807 673 1884 temporibus
698 1807 830 1864 ciborum
859 1818 942 1883 atque

140 1902 378 1962 exercitationum
392 1915 471 1962 certa
484 1905 668 1976 necessitate,
682 1904 744 1963 otio
762 1914 791 1962 et
808 1905 942 1980 jucundi·
973 1974 974 1981 ἵ

139 2000 238 2058 oricus
258 2002 351 2078 epulis
377 2002 555 2061 reficiuntur.
598 2003 644 2060 rc.
665 2002 793 2076 meoque
811 2003 885 2061 mun
904 2003 942 2060 vs
973 1984 974 2001 ¹

138 2097 222 2156 detur
249 2097 291 2158 M.
319 2099 435 2157 Tullius
469 2110 580 2158 tantum
614 2099 744 2157 intulisse
770 2099 940 2174 eloquentiae
973 2080 974 2087 ἵ

137 2195 246 2270 lumen,
268 2199 344 2274 quod
365 2199 394 2256 in
415 2199 468 2256 hos
488 2217 603 2274 quoque
623 2197 784 2254 studiorum
811 2216 941 2256 secessus

137 2296 271 2354 excurrit.
313 2295 390 2353 Nem
411 2296 435 2354 si
456 2296 540 2353 nobis
559 2295 621 2352 sola
646 2294 773 2352 materia·
794 2295 881 2353 fuerit
906 2314 941 2352 ex

138 2392 246 2464 litibus,
267 2412 385 2450 necesse
406 2403 459 2463 est,
473 2392 618 2450 deteratur
639 2392 742 2468 fulgor,
756 2408 786 2449 et
806 2392 940 2450 durescat

137 2489 284 2570 articulus,
306 2501 334 2546 et
354 2490 415 2565 ipse
435 2489 483 2546 ille
510 2507 612 2547 mucro
639 2489 748 2566 ingenii
773 2490 940 2564 quotidiana

72 2627 77 2643 .
135 2602 233 2663 pugna
247 2587 421 2644 retundatur.

177 2683 222 2739 17.
251 2681 310 2739 Sed
331 2681 572 2757 quemadmodum
593 2682 754 2742 forensibus
774 2684 938 2743 certamini·

136 2777 189 2834 bus
203 2778 383 2850 exercitatos,
398 2789 426 2836 et
440 2779 522 2853 quasi
535 2779 691 2838 militantes
703 2780 797 2838 reficit
811 2797 846 2838 ac
859 2801 940 2859 repa·

136 2885 180 2934 ret
200 2875 263 2932 haec
282 2875 360 2933 velut
387 2875 487 2953 ragina
507 2874 641 2934 dicendi:
669 2877 712 2934 sic
739 2877 940 2937 adolescentes
973 2897 975 2906 ·

165 2991 195 3032 m
209 2972 315 3034 debent
327 2973 449 3034 nimium
463 2972 494 3032 in
515 2973 586 3033 falsa
604 2991 701 3034 rerum
720 2972 849 3053 imagine
869 2975 941 3036 deti·
