1984 3342
145 245 186 305 28
366 249 490 298 1111111.
511 249 717 306 numanum

146 403 215 460 dum
230 409 395 476 corruptum
410 409 439 458 et
453 401 587 458 omnibus
600 399 676 457 vitiis
690 399 815 458 fractum
827 398 945 458 dicendi

146 517 237 576 genus
264 517 397 556 revocare
426 498 461 554 ad
488 499 630 554 severiora
653 497 764 574 judicia
790 498 943 554 contendo.

148 596 213 653 126
236 595 314 652 Tum
330 605 424 652 autem
439 595 517 652 solus
531 595 579 652 hic
594 595 652 652 lere
673 594 703 650 in
724 594 859 650 manibus
881 595 945 650 ado-

146 691 316 750 lescentium
343 693 404 750 tuit.
453 692 553 754 Quem
578 711 637 749 non
664 691 798 766 equidem
826 692 945 748 omnino

147 788 271 846 conabar
299 799 442 860 excutere,
470 789 520 845 sed
546 778 708 864 potioribus
731 787 860 863 praelerri
886 805 944 844 non

147 887 285 956 sinebam,
300 905 371 961 quos
393 887 440 944 ille
460 905 520 942 non
541 886 687 942 destiterat
708 885 864 956 incessere,
878 903 944 942 cum

147 983 251 1040 diversi
265 983 318 1040 sibi
334 983 468 1040 conscius
481 983 604 1059 generis,
618 982 732 1057 placere
746 1000 777 1038 se
797 981 828 1038 in
848 982 946 1038 dicen·

147 1080 185 1136 do
203 1099 296 1156 posse,
312 1079 414 1156 quibus
435 1080 477 1137 illi
497 1081 653 1156 placerent,
667 1079 816 1136 diffideret.
858 1079 946 1136 Ama·

148 1178 216 1234 bant
230 1189 324 1235 autem
345 1196 410 1234 eum
431 1178 533 1254 magis,
554 1195 640 1252 quarn
661 1175 864 1233 imitabantur:
886 1184 945 1233 tan·

146 1285 264 1350 tumque
279 1275 317 1332 ab
328 1293 363 1332 eo
377 1274 549 1344 defluebant,
560 1283 697 1348 quantum
709 1272 757 1329 ille
771 1272 808 1328 ub
822 1272 945 1346 antiquis

147 1371 343 1430 descenderat.
385 1373 449 1429 127.
472 1370 560 1428 Foret
573 1369 651 1426 enim
671 1369 838 1444 optandum,
852 1388 944 1444 pares,

148 1479 196 1524 aut
210 1469 310 1525 saltem
323 1467 478 1542 proximum
492 1466 533 1523 illi
547 1466 609 1522 viro
623 1465 694 1522 fieri.
735 1466 793 1522 Sed
814 1466 945 1540 placebat

146 1573 260 1637 propter
281 1562 342 1618 sola
360 1562 438 1632 vitia,
453 1571 481 1618 ct
503 1562 537 1618 ad
557 1580 593 1618 ea
612 1581 643 1618 se
663 1561 783 1636 quisque
803 1562 945 1639 dirigebat

148 1659 318 1734 effingenda,
339 1677 402 1732 quae
423 1668 549 1733 poterat:
576 1637 681 1716 deinde
707 1677 774 1716 cum
800 1677 832 1716 se
856 1660 944 1735 jacta·

147 1764 191 1811 ret
217 1755 318 1811 eodem
351 1755 437 1811 modo
470 1755 577 1826 dicere,
605 1757 748 1813 Senecam
781 1756 944 1814 infamabat

150 1850 214 1908 128.
237 1850 328 1926 Cujus
348 1861 377 1908 et
396 1851 493 1909 multae
515 1852 631 1926 alioqui,
646 1863 675 1910 et
695 1871 806 1929 maguae
828 1853 945 1911 virtutes

148 1945 276 2004 fuerunt:
298 1947 447 2024 ingenium
461 1949 546 2006 facile
566 1958 595 2005 et
616 1948 775 2024 copiosum,
788 1950 944 2024 plurimum

148 2027 244 2117 studii,
272 2047 362 2104 multa
395 2065 489 2104 rerum
524 2046 667 2124 cognitio:
703 2047 730 2104 in
765 2067 822 2122 qua
848 2062 944 2106 tamen

148 2142 300 2218 aliquando
327 2143 361 2202 ab
394 2143 449 2216 his,
476 2144 579 2220 quibus
613 2143 783 2218 inquirenda
815 2146 944 2219 quaedam
982 2140 984 2255 l

147 2240 309 2312 mandabat,
324 2241 460 2317 deceptus
474 2252 525 2299 est.
567 2239 716 2297 Tractavit
729 2241 814 2298 etiarn
829 2259 944 2300 omnem
982 2266 984 2385 p

148 2336 206 2394 fere
216 2337 375 2394 studiorum
386 2339 543 2396 materiam
587 2337 651 2395 129.
673 2335 944 2396 Nametorationes
982 2390 983 2413 ,

148 2431 217 2506 ejus,
233 2447 261 2488 et
274 2437 416 2508 pobmata,
431 2444 460 2490 et
479 2433 617 2510 epistolae,
629 2443 657 2490 et
677 2433 783 2510 dialogi
804 2434 942 2493 feruntur.
982 2422 984 2503 l

147 2525 182 2584 In
209 2527 387 2603 philosophia
407 2547 508 2603 parum
534 2530 667 2605 diligenr,
687 2531 821 2606 egregius
847 2542 943 2589 tamen
982 2508 984 2601 l

147 2623 278 2680 vitiorum
295 2623 448 2681 insectator
469 2625 530 2683 fuit.
573 2625 674 2684 Multae
696 2627 725 2683 in
746 2645 783 2684 eo
801 2627 944 2703 clareque

147 2719 307 2790 sententiae,
327 2721 417 2777 mrrlta
439 2722 525 2778 etiarn
553 2741 663 2780 morum
689 2724 781 2800 gratia
801 2724 942 2800 legenda:
982 2754 984 2815 p

147 2819 196 2876 aed
224 2819 253 2875 in
281 2819 441 2893 eloquendo
468 2831 602 2895 corrupta
627 2821 773 2896 pleraque,
796 2834 882 2898 atque
908 2842 944 2880 eo

146 2915 396 2992 perniciosissima,
424 2917 499 2989 quod
528 2917 673 2974 abundant
698 2919 831 2976 dulcibus
858 2921 943 2978 vitiis.

149 3013 213 3070 130.
238 3011 336 3071 Velles
350 3029 416 3092 eum
429 3030 483 3094 suo
496 3012 614 3091 ingenio
627 3013 742 3085 dixisse,
757 3014 852 3073 alieno
870 3017 946 3094 judi·
982 3056 984 3086 ,
