1984 3342
230 223 311 290 m'sn.
330 239 467 289 emron.
487 241 548 291 rra.
568 242 611 290 xr.
628 243 651 288 a
783 234 841 305 13⁹

40 387 121 448 omni
133 387 232 450 brevia
245 389 374 466 quedam
389 392 525 461 membra,
540 391 576 449 ad
589 409 662 467 quae,
676 391 701 450 ai
720 409 840 458 necem

39 487 89 559 sit,
103 487 231 564 recipere
244 489 374 564 spiritum
387 491 482 562 liceat,
499 491 534 548 ad
547 491 609 550 hec
622 501 733 568 gmtum
746 490 840 566 dispo·

40 601 127 642 nere:
149 595 180 642 ut
199 595 277 662 putu,
299 586 410 644 Novum
430 588 543 658 crimen,
566 587 600 646 0.
624 588 732 657 Ocra,
753 587 839 646 habet

39 698 92 754 per
112 698 144 738 se
162 681 248 740 finem
269 683 411 756 quendam
431 703 525 752 suum,
540 683 608 758 quia
625 685 752 760 sequitur
772 702 839 742 con·

44 777 172 854 junctio:
194 778 308 850 deinde,
320 779 365 836 Et
378 788 443 838 crue
456 781 530 838 donc
544 779 616 838 diem
629 800 684 838 non
698 781 837 852 audium,

41 873 111 931 satis
139 873 386 950 circumscriptum
413 886 463 934 est
515 876 564 937 Ad
590 877 652 934 haeo
680 895 839 935 accommo-

39 970 136 1028 danda
150 989 250 1030 manus
264 981 316 1042 est,
331 971 416 1047 idque
430 972 499 1032 dum
511 972 565 1030 erit
577 973 670 1048 prima
681 982 711 1030 et
724 991 839 1049 compo-

38 1067 94 1124 sita
116 1066 199 1124 actio.
242 1069 307 1126 111.
329 1069 370 1126 Aa
390 1069 439 1126 ubi
460 1087 523 1126 eam
543 1068 621 1126 calor
641 1069 837 1140 concitaverit,

37 1165 126 1222 etiam
141 1173 239 1242 gestus
253 1183 320 1222 aum
334 1164 396 1240 ipsa
409 1164 547 1225 orationis
561 1164 707 1222 celeritate
727 1165 839 1222 crebes-

36 1271 94 1318 cet.
148 1259 223 1318 Aliis
249 1261 322 1321 locis
350 1261 446 1332 citata,
475 1259 538 1318 aliis
562 1277 660 1335 pressa
687 1260 837 1318 conveniet

35 1359 249 1436 pronunciatio,
303 1358 358 1418 Illa
386 1358 617 1430 transcurrimus,
644 1357 836 1435 congerimus,

37 1455 229 1524 abundamus,
250 1431 435 1514 festinamus:
464 1455 520 1512 hac
543 1455 690 1526 instamus,
711 1453 838 1512 inculca·

37 1572 114 1624 mus,
129 1552 282 1630 infigimus.
324 1551 392 1609 Plus
407 1562 501 1609 autem
516 1552 633 1608 affectus
653 1551 759 1609 habent
778 1551 837 1608 len·

37 1652 130 1708 tiora:
152 1648 274 1723 ideoque
294 1648 421 1707 Roscius
442 1648 564 1719 citatior,
579 1647 705 1724 AEsopus
724 1648 836 1725 grauior

38 1747 103 1818 tuit,
132 1745 209 1821 quod
236 1745 284 1803 ille
311 1745 476 1816 comoedias,
505 1745 554 1802 hic
580 1745 734 1822 tragedias
767 1745 836 1822 egit.

39 1845 106 1902 112.
129 1841 239 1916 Eadem
259 1853 354 1900 motus
374 1859 487 1918 quoque
508 1841 668 1901 omervatio
688 1851 739 1899 est.
779 1837 838 1903 Ita·

37 1957 94 2016 que
117 1938 147 1996 in
169 1938 281 2008 fabulis,
300 1919 447 2017 juvenum,
462 1955 572 2008 senum,
587 1937 719 2008 miiitum,
734 1947 837 1994 matre.

37 2053 142 2095 narum
176 2020 305 2112 gravior'
322 2032 467 2109 ingressus
500 2042 560 2090 est:
594 2033 677 2103 servi,
713 2032 834 2100 ancille,

37 2129 168 2208 parasiti,
201 2130 357 2206 piscatores
391 2127 505 2186 citatius
538 2137 695 2184 moventur.
754 2125 835 2184 Tolli

39 2238 136 2286 autern
151 2205 267 2286 marium
282 2225 403 2282 artifices
417 2242 502 2300 supra
514 2223 623 2294 oculos,
637 2221 747 2281 demitti
760 2221 837 2282 infra

36 2335 141 2400 pectus
168 2333 280 2380 vetant:
310 2321 380 2380 adeo
408 2339 424 2377 a
451 2319 544 2395 eapite
570 2337 633 2376 eam
658 2328 764 2394 petere,
786 2330 834 2377 aut

38 2422 72 2480 ad
102 2422 194 2479 imum
220 2430 346 2477 ventrem
372 2417 525 2488 deducere,
546 2415 679 2482 vitiosum
705 2415 832 2474 habetur.

39 2520 105 2578 113.
135 2517 170 2577 In
191 2517 337 2576 sinistrum
359 2514 433 2572 intra
459 2513 608 2575 humerum
634 2522 833 2590 promovetur;

37 2615 115 2676 ultra
127 2633 187 2674 non
207 2613 298 2672 decet.
340 2611 399 2669 Sed
419 2628 486 2667 cum
507 2619 666 2668 aversantes
685 2609 716 2668 in
735 2594 854 2668 larvam·

34 2721 150 2787 partem
164 2709 241 2769 velut
253 2707 444 2784 propellemus
463 2724 589 2778 manum,
603 2704 716 2764 sinister
736 2707 834 2764 hume·

35 2827 86 2866 rus
119 2805 316 2884 proferendus,
348 2813 381 2862 ut
413 2821 480 2860 oum
513 2803 606 2878 capite
638 2800 675 2861 ad
707 2803 833 2861 dextram

33 2905 149 2968 ferente
177 2901 344 2962 consentiat.
397 2899 461 2966 114.
490 2897 596 2957 Manus
620 2899 737 2957 sinistra
761 2917 832 2956 nnn·

31 3021 126 3088 quatu
140 3001 201 3062 sola
213 3009 326 3082 gestum
338 3007 417 3060 recte
429 2995 515 3064 iacit:
535 2995 641 3072 dextre
653 3012 685 3052 sc
704 2993 831 3081 frequen-
