1984 3342
143 203 183 266 02
304 219 306 224 '
370 211 406 260 Mi
426 211 495 259 FAB.
513 211 719 268 cumulatur
740 213 744 220 '

144 380 238 438 noque
259 361 362 440 agendi
382 379 462 420 more
483 380 518 419 ac
537 361 634 433 modo,
648 361 809 419 contineri:
830 379 891 438 quo
912 361 945 419 ab
970 382 971 407 1

146 457 209 534 ipso
222 458 325 516 mentis
341 458 440 516 habitu
460 457 643 516 manifestum
663 458 710 530 uit,
724 468 783 514 tarn
803 458 836 515 in
857 459 945 516 susci·
970 410 972 547 i

144 553 267 630 piendin,
288 573 373 630 quarn
397 555 427 613 in
449 554 568 632 agendis
587 553 683 612 causis
702 553 773 612 nibil
793 555 880 630 pensi
900 555 945 611 ba·

146 649 222 708 bere.
263 651 310 710 30.
331 651 442 709 Profert
455 651 533 708 enim
553 650 829 728 moreoplerumque
843 652 943 722 oratio,

145 757 175 806 ot
196 746 283 806 animi
303 758 415 806 secreta
433 743 550 824 detegit.
590 746 692 805 Noc
670 765 732 804 orne
745 765 835 804 causa
848 747 944 805 Graeci
970 758 971 803 l

146 843 340 922 prodiderunt,
374 843 412 902 Ur
444 843 535 916 niam,
562 863 693 920 panaque
725 844 812 900 etiam
844 806 971 902 dicere

146 939 316 1000 Humiliora
323 941 372 998 illa
384 941 468 999 vitia:
490 940 642 998 summissa
661 939 797 1011 adulatio,
813 941 971 999 affectata

145 1037 312 1110 scurrilitas,
328 1037 357 1096 in
371 1038 456 1096 rebus
470 1056 505 1096 ao
518 1037 612 1095 verbio
630 1055 731 1113 parum
751 1037 892 1095 modestis
912 1055 942 1094 ao

145 1133 259 1212 pudicis
285 1133 350 1193 vilia
375 1134 477 1210 pudor,
506 1134 536 1190 in
562 1133 642 1191 omni
667 1133 786 1211 negotio
812 1134 942 1212 neglecta

146 1231 318 1302 auctoritaa;
346 1249 409 1307 quaa
431 1229 489 1290 sere
517 1229 653 1287 accidunt
679 1229 725 1302 iis,
745 1229 795 1305 qni
823 1230 941 1288 nimium

147 1337 196 1386 aut
208 1327 305 1386 blandi
319 1345 391 1400 esse,
408 1337 455 1386 aut
469 1326 584 1384 ridiculi
599 1326 706 1384 volunt
970 1312 971 1329 ἢ

185 1424 232 1482 31.
260 1423 357 1500 Ipsum
371 1423 459 1481 etiarn
472 1423 643 1498 eloquentiae
663 1440 755 1500 genus
775 1421 849 1480 alios
869 1422 942 1481 aliud

147 1519 238 1578 decet.
268 1517 357 1576 llam
376 1537 469 1594 neque
491 1529 550 1576 tarn
570 1519 697 1595 plenum,
712 1529 741 1576 et
761 1529 905 1592 erectum,
917 1529 971 1576 et

148 1615 249 1686 audax,
272 1624 300 1672 et
322 1615 492 1691 praecultum
518 1615 636 1674 senibus
662 1615 840 1687 convenerit,
862 1635 942 1692 quarn
970 1624 971 1629 ’

146 1728 285 1786 pressum,
306 1719 335 1768 et
355 1709 433 1782 mite,
454 1720 483 1768 et
502 1711 642 1783 limatum,
664 1721 691 1770 et
712 1711 797 1787 quale
824 1711 943 1789 intelligi
970 1704 971 1759 Ψ

147 1806 207 1864 vult
228 1807 343 1878 Cicero,
355 1826 423 1864 cunr
443 1807 524 1880 dicit,
544 1809 702 1867 orationem
723 1827 804 1866 auam
823 1810 944 1886 ooepiasa
970 1798 971 1805 ἵ

147 1922 308 1970 cuonone,-
342 1903 418 1962 aicut
443 1904 570 1962 restibus
596 1923 709 1981 quoque
724 1923 794 1962 non
819 1923 944 1982 purpura

148 2019 295 2078 coccoque
322 2001 496 2078 fulgentibus
523 2001 573 2059 illa
605 2013 673 2060 retas
706 2003 774 2060 satia
808 2013 875 2078 apta
901 2002 942 2059 sit

147 2098 194 2158 32.
215 2097 251 2156 ln
268 2097 421 2175 juvenibus
440 2097 528 2155 etiam
546 2098 679 2155 uberiora
697 2098 794 2174 paulo,
815 2109 846 2157 et
864 2115 944 2175 prena

146 2195 338 2272 periclitantia
357 2195 493 2252 seruntur.
536 2193 577 2251 At
596 2194 626 2251 in
646 2195 749 2252 iisdem
774 2195 897 2266 siccum,
918 2204 944 2250 et
970 2194 971 2197 ’

147 2292 312 2363 sollicitum,
324 2300 352 2348 ct
366 2301 546 2349 contractum
558 2290 675 2348 dicendi
687 2291 874 2366 propositum,
889 2291 944 2367 pla·

148 2405 269 2462 rumque
289 2387 469 2446 affectatione
489 2388 552 2463 ipsa
570 2387 728 2446 severitatis
749 2388 872 2445 invisum
885 2397 942 2444 est:

149 2483 263 2558 quando
277 2483 363 2542 etiam
378 2501 489 2541 morum
503 2484 601 2542 senilis
625 2485 780 2542 auctoritas
794 2484 943 2542 immatura

150 2576 378 2636 adolescentibus
398 2579 533 2636 creditur.
573 2579 620 2636 33.
641 2579 825 2654 Simpliciora
845 2578 944 2635 milita·

149 2692 194 2732 raa
208 2673 319 2732 decent.
360 2675 573 2751 Philosophiam
588 2693 624 2732 ex
636 2675 773 2750 professo,
784 2686 817 2732 ut
830 2675 942 2750 quidam

150 2770 270 2843 faciunt,
282 2771 500 2842 ostentantibus,
514 2789 614 2846 parurn
627 2771 725 2830 decori
739 2782 806 2828 sunt
818 2771 943 2849 plerique

150 2866 287 2928 orationis
306 2876 433 2939 ornatus,
448 2867 627 2941 maximoque
646 2885 682 2924 ex
702 2868 861 2942 affectibus,
876 2885 943 2944 quos
