1984 3342
121 205 159 268 16
341 213 377 260 Μ.
397 212 466 260 FAB.
486 211 693 270 trunt't'ttttnl

121 363 228 434 locum,
261 380 297 422 ex
330 362 496 440 cognitione
530 381 625 422 return
658 361 917 438 exemplorumque,

122 458 227 535 quibus
248 458 388 534 imprimis
409 459 566 518 instructus
585 477 650 518 esse
663 459 747 517 debet
761 468 868 530 orator,
882 474 919 516 ne

121 555 220 614 omniu
232 556 399 616 testimonia
411 567 545 632 expectet
559 576 575 614 u
588 556 751 634 litigatore3
766 555 816 614 sed
830 556 920 632 pleru-

121 671 178 728 quo
204 671 240 712 ex
266 664 406 712 vetustate
429 652 582 731 diligenter
603 653 659 710 sibi
680 653 920 730 cognmentum,

122 750 367 826 impotentiora,
387 750 464 826 quod
483 767 520 808 eu
539 750 600 808 solu
620 750 789 808 criminibus
812 749 872 807 odii
894 759 922 808 et

122 848 224 926 gratiis
237 857 348 906 incunt.

162 944 209 1002 35.
239 945 516 1021 Aphilosophorum
535 963 605 1003 vero
624 945 751 1004 lectione
771 953 803 1002 ut
827 953 923 1003 essent

122 1041 213 1100 multu
225 1041 309 1100 uobis
321 1042 453 1118 petendu,
468 1041 539 1100 vitio
559 1042 617 1099 lact
639 1060 666 1098 m
686 1051 730 1099 est
752 1041 809 1099 ulio
829 1053 924 1099 creto·

122 1155 196 1210 rum,
216 1138 265 1214 qui
286 1138 402 1214 quidem
422 1138 480 1198 illis
508 1060 689 1217 optimtbsui
718 1138 816 1214 operis
842 1150 924 1214 perte

123 1246 278 1294 cesserunt.
320 1235 397 1294 Nem
417 1245 447 1294 et
466 1235 503 1294 de
520 1236 614 1312 justis,
636 1233 772 1307 honestis,
794 1235 924 1308 utilibus,

123 1332 216 1408 iisque
229 1352 292 1409 quae
307 1333 364 1392 sint
379 1334 441 1394 istis
455 1334 610 1403 contrarie,
624 1333 703 1392 etde
718 1333 806 1391 rebus
817 1332 925 1392 divinis
982 1382 983 1395 .

124 1431 247 1488 maxime
281 1431 392 1503 dicunt,
420 1440 449 1489 et
477 1440 711 1508 argumentantur
739 1430 860 1488 acriter:
894 1440 926 1489 et
984 1496 985 1499 Ἴ

126 1527 361 1586 altercationibus
382 1537 467 1602 utque
487 1527 761 1604 interrogationibus
781 1537 924 1586 oratorem
985 1534 986 1559 ³

124 1622 252 1681 futurum
279 1623 388 1700 optime
415 1623 559 1680 Socratici
586 1634 753 1700 praepareut.
794 1623 842 1681 36.
864 1624 926 1683 Sed
987 1636 988 1657 ¹

124 1719 168 1778 his
188 1737 302 1794 quoque
324 1719 518 1778 adhibendum
538 1730 582 1778 est
603 1720 696 1779 simile
715 1721 869 1797 judicium,
891 1731 927 1779 ut

126 1815 212 1874 etium
227 1834 295 1874 cnm
310 1816 339 1874 in
354 1817 440 1874 rebus
453 1835 599 1874 versemur
620 1817 733 1888 iisdem,
748 1837 807 1876 nou
827 1829 927 1876 tamen

124 1913 245 1970 eundem
271 1931 334 1972 esse
368 1913 566 1972 conditionem
599 1915 725 1972 sciamus
758 1914 853 1972 litium
889 1934 926 1973 ac

124 2009 358 2084 disputationum,
380 2010 434 2068 fori
454 2021 483 2068 et
504 2011 647 2084 auditorii,
667 2022 876 2089 praeceptorum
896 2022 925 2070 et

123 2107 328 2182 periculorum.
474 2091 476 2098 J

163 2204 209 2262 37.
237 2204 334 2262 Credo
360 2213 512 2262 exacturos
538 2206 699 2281 plerosque,
722 2225 789 2263 curn
812 2215 927 2263 tantum

125 2319 188 2358 esse
202 2301 333 2358 utilitatis
347 2301 377 2357 iu
391 2301 514 2377 legendo
525 2301 698 2376 judicemus,
713 2312 745 2358 ut
759 2302 786 2359 id
809 2321 927 2377 qnoque

125 2397 313 2472 adjungamus
327 2397 416 2472 operi,
431 2397 480 2472 qni
502 2398 569 2469 siut,
590 2417 653 2473 quae
675 2398 704 2454 in
724 2417 838 2473 qnoque
860 2418 929 2456 auc·

124 2502 187 2550 tore
213 2493 359 2569 precipua
385 2494 483 2551 uirtus.
540 2495 598 2552 Sed
624 2495 757 2570 persequi
785 2496 927 2572 singulos,

125 2589 228 2648 infiniti
243 2588 327 2647 fuerit
347 2591 449 2666 operis.
490 2591 538 2650 38.
559 2590 677 2667 Quippe
697 2611 764 2650 cunr
784 2593 815 2650 in
836 2593 929 2650 Bruto

125 2687 167 2745 M.
192 2685 309 2744 Tullius
336 2697 378 2746 tot
405 2689 534 2746 millibus
559 2707 693 2746 versuum
720 2689 755 2746 de
783 2689 930 2747 Romanis

124 2795 235 2842 tanturn
256 2785 416 2842 oratoribus
436 2785 578 2859 loquatur,
592 2795 619 2842 et
633 2795 728 2842 tamen
743 2785 779 2844 de
792 2786 930 2844 omnibus

194 2881 216 2938 's
234 2899 303 2951 sum,
322 2881 495 2956 quibuscum
518 2880 640 2951 vivebat,
659 2882 787 2957 exceptis
810 2881 930 2941 Oaesare

225 2978 374 3052 Marcello,
386 2978 532 3038 silentium
545 2977 653 3056 egerit:
668 2978 733 3053 quis
745 2977 800 3036 erit
812 2977 930 3052 modus,
