1984 3342
229 285 311 334 Ilm.
330 283 466 334 ontron
484 285 547 334 ΗΒ.
565 285 608 334 11.
626 285 650 333 8.
776 277 833 338 121

40 431 81 492 tio
91 431 239 510 insequor:
261 453 327 494 cum
342 433 411 494 iiiuc
420 453 535 509 renero,
545 436 641 514 Atqu
654 435 721 494 altoe
733 435 837 494 monia

39 529 150 603 Rome,
171 530 321 608 deponam,
341 543 370 590 et
397 534 539 605 morabor,
559 544 589 591 et
613 551 719 592 norum
738 551 837 591 rursus

41 626 189 686 exordium
216 629 327 687 fecium.
368 629 415 688 39.
437 630 513 688 Sunt
539 629 693 706 aliquando
719 640 749 688 et
774 631 837 688 siue

40 723 229 800 respiratione
240 725 372 800 quodam
386 744 472 784 morre
486 725 573 785 etism
593 726 623 784 in
642 727 783 803 periodis:
804 736 838 785 ut

39 817 70 876 in
97 819 158 892 iila,
178 820 216 878 In
241 830 313 880 unctu
339 841 403 880 cero
419 822 522 900 populi
541 821 676 895 Romaiu,
696 824 837 900 negotium

41 915 188 992 publicum
208 936 319 992 gerute,
339 919 475 995 magister
494 921 627 997 equitnm,
647 931 702 979 etc.
743 919 838 979 Mults

39 1014 170 1072 membra
184 1014 284 1085 hobet3
306 1035 405 1075 sensus
426 1017 504 1074 enim
517 1028 584 1075 sunt
597 1017 646 1074 elii
666 1028 751 1092 etque
772 1017 836 1074 elii:

41 1119 70 1168 et
82 1109 161 1168 sicut
174 1129 232 1168 una
245 1111 452 1170 circumductio
466 1123 519 1184 est,
533 1114 575 1171 ito
592 1113 709 1189 ponium
729 1131 840 1170 moron-

42 1205 164 1264 durnin
190 1207 235 1265 his
262 1207 426 1281 intervallis,
447 1228 507 1266 non
526 1208 775 1284 interrumpendus
795 1217 839 1265 est

43 1312 202 1361 contextus.
244 1304 301 1361 Sed
316 1305 487 1362 econtrario
501 1305 630 1380 spiritum
640 1303 754 1362 interim
768 1303 840 1361 reci-

39 1398 187 1476 perusino
207 1400 354 1458 intellectu
374 1419 460 1458 morte
480 1419 598 1458 necesse
617 1410 677 1458 est:
697 1418 756 1475 quo
775 1398 840 1456 ioco

41 1495 126 1572 quusi
142 1496 339 1572 surripiendus
359 1508 418 1555 est:
446 1495 552 1572 alioqui
572 1496 597 1554 si
617 1496 720 1554 inscite
739 1495 841 1572 recipi-

43 1603 117 1665 rtur,
131 1611 189 1651 non
209 1593 303 1650 minus
324 1593 422 1652 afferat
434 1593 626 1660 obscuritatis,
640 1611 726 1670 quum
739 1593 842 1652 vitiosa

42 1689 199 1748 distinctio.
239 1689 339 1748 Virtus
353 1700 446 1747 autem
460 1690 654 1768 distinguendi
667 1691 786 1748 fortasse
805 1689 842 1747 sit

40 1805 149 1864 parm
168 1786 231 1845 sine
250 1803 307 1863 qus
324 1795 422 1844 tamen
441 1805 505 1846 esse
524 1788 604 1846 nullr
618 1787 673 1846 riis
687 1787 717 1846 in
731 1787 843 1866 agendo

41 1893 146 1961 potest

82 1981 133 2040 40.
164 1981 280 2040 Ornata
299 1991 341 2040 est
366 1981 577 2058 pronunciatio,
598 1981 646 2039 cui
673 1981 843 2056 suffragatur

44 2095 96 2136 noc
108 2075 226 2154 soeriis,
240 2097 355 2153 magna,
370 2077 463 2149 beato,
470 2076 618 2154 flaridiiis,
624 2075 726 2152 firma,
741 2074 842 2146 duleis,

44 2175 200 2246 durabilis,
214 2175 306 2246 clara,
315 2193 405 2251 pura,
419 2193 516 2231 secum
531 2177 603 2230 odra
622 2180 649 2229 et
669 2169 787 2228 maribus
803 2189 844 2228 se·

43 2271 125 2331 deur.
168 2269 220 2329 Est
233 2271 310 2329 enirn
321 2270 449 2346 quodam
464 2269 500 2326 ed
511 2268 638 2325 nuditum
647 2265 844 2324 accommode·

44 2377 86 2440 tn,
100 2385 159 2426 non
172 2367 378 2446 nigritudine,
392 2365 441 2424 sed
456 2365 637 2441 proprietate,
648 2363 684 2420 sd
697 2363 754 2420 hoc
767 2362 844 2420 reiut

45 2464 214 2536 tractabilis,
228 2464 328 2539 utique
348 2463 456 2520 habens
476 2479 576 2519 ommes
595 2460 625 2518 in
646 2479 687 2532 se,
701 2459 751 2536 qui
771 2459 844 2518 desi·

46 2561 193 2632 damur,
214 2579 299 2617 sonos
319 2557 557 2633 intentionesque,
572 2567 601 2615 et
620 2566 687 2629 toto,
701 2566 734 2614 ut
753 2556 843 2628 siunt,

45 2673 158 2732 organo
168 2655 327 2714 instructa:
349 2655 397 2714 cui
412 2654 502 2713 aderit
514 2654 611 2713 luteris
623 2651 751 2725 firmitas,
765 2652 845 2729 spiri·

46 2765 96 2814 tue
116 2769 183 2812 cum
204 2755 296 2832 mutio
313 2746 452 2831 pertinax,
472 2765 535 2812 tum
559 2752 650 2811 iebori
673 2770 734 2810 uon
757 2750 845 2809 incide

47 2867 190 2910 cessurus.
243 2852 291 2910 41.
322 2851 425 2928 Neque
466 2850 649 2928 gravissimus
681 2857 776 2906 autem
814 2844 845 2904 iu

48 2948 162 3006 musica
181 2965 269 3006 sonus
291 2963 347 3006 nec
372 2946 554 3005 acutissimus
575 2943 751 3003 crunonibus
777 2955 845 2996 oon·

49 3045 135 3106 venit
190 3041 267 3103 Nom
293 3054 322 3104 et
346 3041 396 3102 hic
420 3059 520 3118 purum
537 3041 643 3110 duos,
669 3037 846 3111 nimiumque

293 3138 328 3197 ll
