1984 3342
144 225 186 288 58
368 237 405 286 rr.
424 235 494 286 usn
513 234 725 295 cunrrmrarrr

143 395 177 446 ut
197 405 256 444 nna
276 387 313 446 ds
326 405 358 447 rc
380 387 545 462 benedici,
569 389 626 448 nisi
650 388 749 461 semol,
771 405 831 446 uon
851 389 944 466 possit
972 380 973 443 i

143 485 172 542 6.
194 482 261 542 Nisi
288 485 361 544 forts
381 485 553 544 histrionum
574 486 663 544 multa
683 485 763 544 circa
782 503 870 544 voccs
891 505 945 544 aas

144 581 210 639 dam
230 581 341 642 variare
360 593 459 660 gestus
484 593 588 660 potest,
609 584 711 642 orandi
730 583 825 641 minor
844 583 898 655 vis,
917 591 945 640 ut
974 556 976 653 i

144 677 257 736 dicatur
271 679 388 756 aliquid,
402 690 466 757 post
480 681 558 756 quod
571 679 602 738 in
615 680 716 738 cadem
737 680 858 738 materia
877 679 944 738 nihii
975 668 977 757 i

144 775 301 833 dicendum
327 777 372 836 sit.
424 777 483 836 Sed
510 788 583 850 asto,
610 795 705 854 noque
730 777 845 849 melius,
872 775 945 852 quod
976 778 978 853 i

141 872 316 946 invenimus,
337 893 410 947 csse,
431 891 526 951 nequo
544 893 615 952 par:
639 883 684 932 ost
702 884 782 932 corte
801 874 945 950 proximus
976 890 979 945 2

143 969 234 1028 locus.
276 973 302 1030 7.
325 971 374 1030 An
393 989 462 1030 vero
489 973 545 1048 ipsi
564 991 624 1030 uon
651 972 696 1029 bis
723 989 757 1029 ac
783 972 889 1047 saepius
914 971 946 1028 de
978 1002 980 1069 γ

144 1063 290 1126 ordenare
310 1065 443 1140 dicimus,
458 1077 488 1125 et
508 1067 624 1142 quidem
645 1066 798 1125 continuas
817 1085 946 1124 nonnun-

144 1183 230 1240 quam
254 1156 431 1224 sentcntiasi
472 1163 540 1222 Nisi
562 1165 634 1223 forte
657 1163 833 1222 contendero
855 1163 946 1222 nobis.
979 1112 980 1187 1

144 1279 211 1320 oum
224 1281 387 1339 possumus,
399 1281 466 1320 cum
482 1261 546 1320 aliis
559 1279 617 1318 non
630 1279 791 1337 possumus.
833 1259 911 1318 Nam
925 1258 945 1316 si

143 1377 203 1418 unc
230 1379 335 1438 genere
362 1361 436 1418 berre
463 1359 616 1430 diceretur,
637 1358 681 1416 iras
706 1367 767 1415 crat
793 1355 946 1415 existimari
981 1335 982 1392 i

143 1457 313 1533 praeoiusam
340 1457 425 1514 nobis
446 1475 463 1513 a
481 1455 626 1532 prioribus
645 1453 730 1512 viam.
772 1451 864 1512 Nuuc
883 1471 947 1512 vero
982 1446 983 1501 i

145 1554 369 1612 innumerabiles
383 1563 449 1610 sunt
463 1553 552 1623 modi,
566 1553 755 1628 plurimasque
774 1552 878 1610 eodem
897 1552 946 1609 vio
983 1556 984 1619 i

145 1651 263 1706 ducunt.
304 1650 332 1708 8,
355 1650 415 1706 Sua
431 1649 564 1707 brevitati
578 1650 679 1726 gratia,
694 1669 747 1707 suc
767 1649 873 1725 copiae3
894 1647 947 1706 alia
984 1668 985 1743 r

145 1746 289 1804 translatis
303 1745 401 1817 virtus,
418 1745 473 1803 alia
486 1746 616 1822 propriis.
659 1746 726 1804 Hoc
746 1746 840 1803 oratio
859 1754 946 1816 recta,

145 1842 216 1901 iilud
230 1843 323 1920 figura
341 1842 486 1900 declinata
506 1843 697 1901 commendat.
739 1841 806 1919 Ipsa
825 1842 948 1918 denique

146 1938 298 1998 utilissima
325 1949 369 1997 est
401 1939 602 1998 exercitationi
629 1940 791 1999 difficultas.
845 1939 948 2002 Quidr

61 2075 66 2082 -
146 2038 222 2114 quod
250 2049 381 2096 austures
408 2038 526 2096 maximi
559 2037 602 2095 sic
636 2037 802 2115 diligentius
829 2056 949 2115 cognos-

146 2137 273 2194 cunturi
313 2134 381 2193 Non
395 2135 472 2194 enirn
487 2135 595 2211 scripta
607 2135 733 2192 lectione
745 2153 850 2193 secura
861 2145 949 2193 trans·

147 2234 304 2292 currimus:
332 2232 383 2290 sed
409 2242 567 2291 tractamus
593 2229 716 2308 singula,
738 2241 768 2289 et
785 2229 949 2289 necessario

146 2331 369 2408 introspicimus,
404 2339 443 2401 et,
485 2339 624 2405 quantum
662 2327 775 2386 virtutis
816 2329 947 2398 habeant,

146 2428 189 2486 vel
219 2428 274 2484 hoc
306 2427 369 2503 ipso
402 2426 614 2504 cognoscimus,
643 2426 719 2501 quod
752 2425 858 2483 imitari
891 2443 949 2483 non

146 2541 306 2600 possumus.

185 2619 213 2676 9.
242 2618 308 2676 Nec
336 2619 427 2678 aliena
453 2629 567 2677 tanturn
593 2619 757 2687 transferre,
785 2619 836 2676 sed
864 2617 950 2677 etiam

147 2724 245 2774 nostra
266 2715 396 2790 pluribus
422 2717 516 2773 modis
542 2726 665 2775 tractare
685 2716 828 2793 proderit:
856 2725 889 2789 ut
916 2733 951 2774 ex

148 2812 287 2870 industria
313 2829 459 2868 sumamus
485 2814 642 2870 sententias
669 2813 816 2888 quasdam,
845 2831 952 2888 easque

147 2925 292 2967 versemus
306 2924 390 2981 quarn
404 2907 647 2979 numerosissime,
661 2909 740 2967 velut
760 2908 862 2966 endem
884 2927 953 2967 cera

148 3005 211 3064 alin
223 3015 306 3082 atquc
318 3003 379 3063 aiis
390 3002 488 3062 sormoe
497 3001 568 3062 duci
578 3003 679 3064 solent
721 3005 767 3064 10.
788 3003 955 3064 Plurimum
