1984 3342
248 233 332 284 insu.
351 233 489 282 ortamota
509 233 571 283 ms
589 233 621 282 x.
641 235 662 282 ι.
817 227 856 286 17

56 385 79 446 si
89 396 119 446 et
131 385 207 460 illos,
219 396 248 446 et
262 385 312 462 qui
324 396 425 463 postea
438 386 563 457 fuerunt,
572 396 602 445 et
613 386 734 446 Graecos
744 404 854 457 omues,

57 495 85 542 et
110 484 316 561 philosophos?
369 485 416 542 39.
446 483 515 544 Fuit
542 485 630 562 igitur
657 484 779 543 brevitas
806 484 856 544 itta

56 582 209 654 tutissima,
224 601 287 657 que
303 583 376 658 apud
391 581 506 640 Livium
521 581 550 640 in
565 581 687 658 epistola
708 582 743 639 ud
763 583 855 640 filium

56 680 174 756 scripta,
189 679 317 754 legendos
339 679 550 738 Demosthenem
570 688 656 756 atque
677 679 855 738 Ciceronem.-

57 783 115 832 tum
129 777 184 847 ito,
197 785 230 832 ut
244 778 361 854 quisque
382 784 451 834 esset
471 776 656 835 Demostheni
675 785 703 835 et
724 777 856 836 Cimoni

56 876 223 933 simillimus.
277 876 325 934 40.
360 874 430 933 Non
456 887 501 934 est
526 887 622 933 tamen
648 876 856 934 dissimulanda

56 972 147 1030 nostri
174 991 286 1048 quoque
311 973 413 1048 judieii
440 991 559 1032 summa.
614 973 728 1031 Pauoos
754 985 784 1030 et
808 974 856 1030 vix

56 1069 148 1127 ullum
162 1089 198 1127 ex
211 1070 265 1142 his,
277 1071 326 1145 qui
340 1081 510 1128 vetustatem
523 1072 711 1147 pertulerunt,
722 1071 855 1128 existimo

56 1185 140 1242 posse
154 1167 282 1242 reperiri,
298 1166 366 1241 quin
384 1167 528 1244 judicium
542 1168 744 1224 adhibentibus
758 1168 856 1224 alletu-

56 1282 106 1320 rus
126 1263 163 1320 sit
183 1263 314 1321 utilitatis
336 1264 452 1339 aliquid,
476 1283 542 1321 oum
563 1284 595 1322 se
615 1265 721 1321 Cicero
742 1265 779 1320 ab
798 1263 856 1320 iliis

56 1380 172 1437 quoque
199 1361 397 1418 vetustissimis
419 1361 595 1432 auctoribus,
616 1360 773 1436 ingeniosis
795 1360 856 1434 qui·

57 1459 133 1529 dem,
164 1458 215 1516 sed
250 1469 309 1516 arte
344 1459 518 1529 carentibus,
546 1459 701 1534 plurimum
735 1458 855 1515 fateatur
902 1469 914 1494 ⁸

58 1555 195 1632 adjutum.
237 1556 284 1612 41.
305 1555 371 1613 Neo
385 1556 476 1614 multo
497 1557 575 1614 alind
595 1557 632 1614 de
651 1556 733 1613 novis
752 1555 854 1613 sentio.

55 1653 175 1715 Quotus
215 1653 293 1710 enirn
332 1653 452 1729 quisque
491 1654 613 1712 inveniri
646 1664 704 1711 tam
738 1654 856 1711 demens

55 1760 160 1825 potest,
190 1749 241 1824 qui
266 1767 303 1806 ne
329 1751 449 1808 minima
481 1751 598 1826 quidem
631 1750 751 1827 aiicujus
778 1759 857 1808 uerte

55 1847 164 1904 fiducia
184 1847 272 1922 partis
291 1846 458 1904 memoriam
483 1847 656 1923 posteritatis
683 1846 856 1923 speraverit?

55 1942 105 2018 qui
140 1942 165 1999 si
198 1942 263 2017 quis
296 1953 348 2014 est,
383 1943 457 2000 intra
489 1945 597 2020 primos
630 1943 726 2001 statim
758 1961 857 2000 versus

55 2039 296 2116 deprehendetur,
318 2050 347 2096 et
374 2039 459 2098 citius
486 2060 539 2098 nos
559 2040 698 2111 demittet,
720 2059 805 2115 quam
826 2048 858 2096 ut

56 2138 120 2214 ejus
146 2137 230 2194 nobis
256 2155 361 2214 magno
387 2138 523 2213 temporis
550 2137 722 2194 detrimento
746 2145 859 2194 constet

55 2233 293 2310 experimentum.
334 2234 381 2291 42.
404 2234 463 2292 Sed
489 2253 548 2291 non
581 2233 719 2309 quidquid
747 2232 782 2289 ad
809 2231 859 2289 ali-

56 2350 145 2406 quam
158 2341 268 2406 partem
289 2331 417 2388 scientie
436 2330 570 2407 pertinet,
585 2330 715 2405 protinus
735 2329 771 2388 ad
791 2329 859 2387 faoi·

56 2429 163 2487 endam
178 2427 265 2486 etiam
279 2429 395 2501 φράσιν,
410 2428 445 2485 de
460 2447 517 2503 qua
529 2426 682 2503 loquimur,
698 2446 860 2486 aooommo·

57 2526 166 2584 datum.

97 2623 210 2681 Verum
226 2633 377 2699 autequam
397 2623 433 2680 de
453 2622 574 2700 singulis
593 2622 702 2697 loquar,
716 2641 810 2698 pauca
828 2621 860 2680 in

58 2719 226 2778 universum
241 2719 277 2777 de
297 2720 433 2778 varietate
453 2720 621 2795 opinionum
641 2719 765 2776 dicenda
784 2727 859 2776 sunt

57 2819 107 2875 43.
131 2815 209 2874 Nam
232 2816 347 2892 quidam
368 2816 443 2874 solos
462 2826 572 2874 veteres
592 2816 729 2893 legendos
748 2823 859 2891 putant,

58 2933 157 2990 neque
177 2913 206 2970 iu
227 2913 293 2970 ullis
314 2913 377 2972 aliis
397 2931 459 2971 esse
480 2912 638 2969 naturalem
658 2909 858 2983 eloquentiam,

58 3021 88 3071 et
110 3010 199 3070 robur
219 3009 287 3069 viris
307 3009 437 3087 dignum,
459 3008 647 3068 arbitrantur:
668 3005 739 3064 aiios
757 3015 860 3058 reeens

301 3105 322 3165 2
332 3103 350 3140 s
