1984 3342
245 262 327 314 ntur.
346 264 482 312 omncs.
502 263 564 312 nm.
582 263 666 312 xta
796 255 855 317 12³

55 415 159 474 (irrece
171 421 316 485 μονοτονια
329 424 456 487 vocatur,
470 433 530 474 uns
541 414 671 491 quiedam
684 410 800 490 spiritus
818 430 854 472 ec

54 511 119 570 soni
145 511 285 572 intentio:
319 531 376 570 non
409 511 502 570 solum
533 530 571 573 ne
602 511 731 570 dicamus
756 507 853 568 omnia

54 609 192 680 clamose,
212 608 289 684 quod
315 608 447 674 insanum
466 617 526 679 est;
554 617 603 666 eut
623 606 698 666 intre
716 604 852 683 loquendi

53 704 183 777 modum,
203 704 279 780 quod
298 714 377 762 motu
404 714 498 774 caret3
526 714 575 762 eut
600 704 752 762 summisso
776 722 852 762 mur·

53 818 145 872 mure,
179 819 236 876 quo
268 803 354 858 etiam
388 799 551 858 debilitatur
583 800 678 862 omnis
711 799 849 858 intentio:

52 897 100 954 46.
122 895 174 954 scd
195 907 225 954 ut
245 896 275 954 in
298 896 400 954 iisdem
418 897 547 972 partibus
567 897 725 971 iisdemque
745 895 851 954 affecti·

53 992 107 1050 bus
133 992 191 1050 sint
211 1003 306 1050 tamen
327 993 454 1067 quaedum
481 1011 541 1050 non
567 993 608 1050 ita
633 1012 745 1069 magne
771 991 850 1050 vocis

53 1088 270 1160 declinationes,
289 1099 373 1165 prout
400 1097 448 1148 aut
473 1089 624 1146 verborum
644 1087 779 1165 dignitas,
800 1097 850 1147 aot

52 1184 258 1242 sententiarum
278 1194 388 1257 nutura,
403 1194 452 1243 aut
471 1183 621 1260 depositio,
643 1194 692 1241 aut
711 1182 847 1259 inceptio,

53 1290 101 1338 aut
129 1279 264 1338 transitus
288 1279 458 1356 postulabit:
485 1289 519 1337 ut
543 1279 593 1356 qui
612 1278 734 1356 singulis
752 1277 850 1356 pinxe-

51 1386 120 1434 runt
153 1377 306 1448 coloribus,
341 1376 396 1434 alia
426 1385 523 1434 tamen
561 1375 759 1446 eminentiora,
793 1375 849 1434 elie

52 1470 215 1530 reductiora
228 1470 367 1542 feceruut,
381 1469 443 1528 sine
456 1488 514 1545 quo
526 1487 563 1528 ne
577 1468 712 1528 membris
732 1468 848 1545 quidem

51 1585 119 1626 sues
144 1567 234 1626 lineas
260 1565 410 1624 dedissent
463 1565 512 1624 tt.
545 1565 741 1643 Proponamus
770 1565 846 1626 enim

51 1662 137 1721 nobis
150 1662 220 1720 illud
234 1661 386 1726 Ciceronis
399 1661 430 1720 in
450 1661 580 1721 oratione
599 1662 776 1721 nobilissima
793 1679 845 1739 pro

51 1757 165 1816 Milone
195 1758 379 1835 principium,
406 1777 503 1816 nonne
538 1758 574 1817 ad
607 1759 734 1838 singulas
765 1777 848 1837 pene

51 1854 260 1927 distinctiones,
289 1854 418 1930 quemvis
443 1855 474 1913 in
507 1855 609 1914 eadam
640 1855 725 1928 facie,
752 1865 848 1914 tamen

50 1950 134 2026 quasi
146 1951 240 2008 vultus
254 1951 407 2009 mutandus
420 1952 481 2009 est'l
522 1949 595 2009 Etsi
607 1949 846 2026 verm,judiees,

49 2067 85 2106 ue
98 2053 182 2124 turpe
194 2048 243 2116 sit,
252 2045 476 2124 profanissime
489 2048 551 2104 viro
563 2046 655 2104 dicen
668 2047 846 2122 incipientem

49 2144 155 2205 timere
196 2143 243 2202 48.
265 2142 385 2202 Etiamsi
412 2151 472 2199 toto
498 2141 643 2217 proposito
668 2150 847 2199 contractum

50 2250 137 2314 atque
150 2239 341 2310 summissum,
350 2238 417 2314 quia
429 2247 458 2296 et
471 2236 619 2296 exordium
631 2246 684 2308 est,
693 2246 721 2295 et
730 2235 847 2294 solliciti

49 2334 214 2398 exordium:
247 2345 343 2394 tamen
377 2333 471 2406 luerit,
498 2351 618 2392 necesse
650 2342 703 2404 est,
737 2331 846 2408 aliquid

49 2431 164 2508 plenius
190 2441 219 2490 et
244 2431 378 2502 erectius,
406 2449 473 2489 cum
500 2428 581 2502 dicit,
601 2428 665 2488 Pro
683 2428 846 2505 fortissimo

49 2529 123 2600 ciro,
145 2546 229 2603 quam
250 2547 326 2600 cum,
340 2525 412 2584 Etsi
430 2545 535 2600 aerem,
556 2535 594 2598 et,
622 2525 718 2602 Turpe
737 2525 786 2598 sit,
807 2535 846 2597 et,

55 2623 174 2684 msere.
214 2625 261 2682 te.
283 2623 348 2681 Jarn
374 2624 501 2680 secunda
532 2622 680 2698 respiratio
705 2621 847 2680 increscat

50 2728 173 2796 oportet,
194 2728 223 2778 et
241 2719 363 2776 naturali
384 2718 508 2794 quodam
534 2726 648 2790 conatu,
669 2736 726 2792 quo
751 2718 846 2776 minus

49 2814 154 2891 pavide
174 2815 306 2887 dicimus,
327 2833 389 2890 quae
409 2824 576 2890 sequuntur,
597 2824 626 2871 et
645 2813 719 2892 quod
739 2813 847 2889 magni·

51 2910 123 2968 tudo
139 2910 226 2968 animi
240 2910 359 2969 Milonis
372 2909 541 2981 ostenditur,
555 2907 725 2984 Minimeque
739 2907 845 2979 decem,

50 3025 114 3066 cum
133 3005 168 3066 T.
182 3006 297 3066 Anatim
318 3007 377 3083 ipse
396 3004 488 3081 magis
502 3003 678 3082 reipublice
690 3001 724 3060 de
742 3001 845 3074 salute,
