1984 3342
162 229 226 290 134¹
384 235 420 284 M.
439 235 509 284 FAB.
528 235 734 292 wmnmrnru

160 387 275 446 notione
289 385 464 463 fugiendum
504 385 553 446 89.
574 385 687 445 Abesse
705 384 783 447 enim
802 384 955 462 plurimum
987 388 989 427 ¹

162 483 323 542 usaltetore
336 482 422 540 debet
441 492 546 553 orator,
560 493 592 541 ut
611 482 649 540 sit
668 492 765 560 gestus
786 483 823 540 ad
843 502 955 542 sensnm
987 438 989 547 i

159 579 353 656 megis,quom
367 580 403 638 ad
412 581 507 653 verbe,
518 580 764 641 accommodatus:
780 581 859 656 qnod
871 581 954 639 etiam
987 554 988 583 ¹

160 675 345 734 histrionibus
363 677 449 752 poulo
468 677 647 753 gravioribus
666 677 761 735 secere
779 678 869 736 moris
896 678 953 736 fuit

160 772 239 849 Ergo
258 782 290 830 ut
310 774 345 832 sd
365 792 396 832 se
415 792 531 832 manum
551 775 666 841 referre,
687 793 755 832 cum
772 775 812 832 de
837 794 870 834 se
897 776 954 851 ipso
987 818 988 839 r

160 869 300 944 loquetur,
315 881 344 928 et
357 869 387 927 in
401 888 477 940 cum,
492 888 578 944 quem
597 870 782 941 demonstret,
796 871 952 942 intendere,
987 928 989 971 l

159 975 189 1026 et
203 966 296 1042 aliqua
309 966 354 1024 his
367 966 472 1026 similia
483 967 678 1042 permiserim:
699 967 739 1025 ita
757 987 827 1038 non,
842 970 952 1046 effinge-

159 1081 191 1122 re
211 1073 300 1123 status
320 1063 468 1138 quosdam,
483 1074 512 1122 et
532 1064 670 1139 quidquid
690 1063 767 1122 dicet
794 1066 949 1126 ostendere

158 1161 206 1218 90.
234 1160 387 1235 Nequeid
410 1160 592 1218 inmanibus
618 1161 721 1232 solum,
742 1161 793 1218 sed
819 1161 851 1219 in
878 1161 950 1220 omni

159 1267 240 1334 gestu
261 1277 295 1316 ao
316 1276 386 1316 voce
406 1257 576 1316 servendum
595 1267 646 1314 est
688 1257 757 1314 Non
771 1258 850 1316 enim
865 1259 950 1316 notin

159 1353 208 1412 ille
220 1354 348 1430 periodo,
363 1355 452 1412 Stetit
465 1354 587 1412 soleatus
600 1353 720 1410 Pretor
727 1357 830 1430 populi
850 1356 950 1414 Romn-
987 1408 988 1413 ,

158 1451 199 1523 ni,
214 1451 362 1510 inclinatio
382 1450 574 1510 incumbentis
594 1451 624 1508 in
645 1451 844 1510 mulierculam
858 1451 951 1510 Verris
987 1452 988 1493 ³

157 1546 319 1622 effingenda
338 1557 398 1618 est;
428 1547 527 1605 autin
546 1546 605 1617 illa,
627 1546 797 1607 &edebatur
816 1549 849 1606 in
869 1548 950 1608 merlin
987 1560 988 1573 ¹

159 1641 231 1717 foro
256 1642 407 1714 Messene,
435 1654 530 1702 motus
555 1643 685 1715 laterum,
713 1643 805 1720 qualis
830 1663 895 1702 cese
918 1644 951 1702 sd

158 1737 276 1794 verbero
288 1737 369 1809 solet,
389 1740 566 1812 torquendus
575 1760 583 1810 ;
606 1750 654 1797 aut
674 1759 738 1812 vox,
751 1740 844 1815 qualis
857 1742 951 1800 dolore

158 1832 333 1906 exprimitur,
347 1833 480 1892 eruendo.
515 1836 563 1892 91.
577 1837 653 1894 Cum
666 1836 737 1894 mihi
751 1838 875 1897 comedi
888 1857 952 1914 quo-

158 1947 214 2004 que
233 1930 355 2005 pessime
375 1930 469 1988 facere
488 1931 647 2004 rideantur,
668 1935 727 2008 qui,
748 1934 861 1993 etiamsi
877 1937 952 2012 jore·
987 1958 988 1999 ι

158 2045 224 2086 nem
246 2037 341 2104 agent,
356 2045 422 2084 cum
442 2038 539 2086 temen
560 2031 590 2086 in
610 2031 787 2107 expositione
809 2043 859 2088 aut
878 2031 950 2090 senis
987 2024 988 2027 ’

158 2143 262 2192 sermo,
276 2123 350 2180 utin
366 2123 493 2199 Hydriae
507 2127 638 2200 prologo,
654 2138 702 2185 out
721 2128 859 2200 mulieris,
873 2139 904 2186 ut
923 2129 949 2186 io

161 2221 283 2296 Georgo,
318 2219 429 2293 incidit,
457 2221 579 2280 tremula
611 2223 656 2280 vel
689 2224 853 2282 effeminate
884 2242 950 2282 rose

157 2317 357 2393 pronunciant.
398 2319 483 2376 Adeo
510 2319 540 2376 in
566 2319 624 2376 illis
650 2339 764 2396 quoque
789 2331 833 2380 est
860 2322 951 2396 eliqua

159 2414 260 2472 vitiosa
273 2415 403 2488 imitatio,
419 2436 540 2492 quorum
554 2435 600 2474 urs
618 2418 711 2474 omnis
731 2428 843 2476 constet
864 2419 952 2477 inrite-
987 2418 988 2425 '

159 2511 246 2569 tione.
987 2556 989 2593 7

197 2609 244 2668 92.
272 2611 325 2669 Est
336 2623 433 2670 'nutem
453 2622 551 2689 gestus
571 2612 619 2672 ille
639 2613 761 2672 maxime
781 2615 953 2684 communis,
987 2598 989 2673 ἶ

158 2723 216 2779 quo
229 2708 339 2764 medius
353 2709 503 2784 digitus-in
517 2709 649 2783 pollicem
669 2711 847 2769 contrahitur
868 2712 955 2788 expli
987 2706 989 2804 i

159 2801 224 2860 citis
238 2803 337 2874 tribur,
353 2814 381 2860 et
394 2805 543 2879 principiis
556 2806 633 2863 utilis
646 2826 712 2864 cum
726 2807 785 2864 leni
799 2808 830 2865 in
849 2819 956 2868 utraru-
987 2806 989 2877 l

159 2917 215 2973 qne
234 2909 343 2974 partem
363 2909 443 2956 motu
464 2901 578 2960 modice
597 2903 732 2977 prolatus,
753 2904 839 2963 simul
861 2908 958 2984 cupite

158 3005 243 3073 etque
257 2996 383 3056 humeris
402 2998 508 3056 sensim
529 2999 565 3056 nd
584 3001 624 3071 id,
637 3018 695 3073 quo
715 3021 818 3062 monus
837 3004 961 3076 seratur,
