1984 3342
140 237 182 299 9⁰
341 243 714 301 vaaranannuntiant

141 405 185 456 est
197 393 257 454 lilio
268 394 357 454 liliive
377 393 522 456 sdrooatis
541 393 571 453 in
590 404 711 454 innuen
728 390 940 471 peroranduml

140 492 308 568 Aliquando
326 502 422 552 tamen
442 509 562 552 neeesse
574 501 628 564 est,
642 491 718 550 utin
734 509 823 550 eausa
834 489 941 550 Cluen·

140 589 175 648 tii
196 587 313 648 Habiti:
340 589 390 648 sed
409 607 469 648 non
487 604 598 665 semper
617 588 667 646 ills
685 587 742 659 via,
761 605 820 663 qus
837 598 940 646 contre

141 685 266 743 Sassiam
281 685 388 744 Cieero
401 705 469 745 usus
482 696 542 744 est:
561 702 621 743 non
634 684 703 760 quia
720 702 780 743 non
798 683 848 742 ille
867 683 938 760 opti·

141 799 197 854 me,
212 782 263 840 sed
283 783 352 858 quia
369 783 525 860 plurimum
543 781 640 853 refert,
654 800 712 857 qua
730 780 760 839 in
780 799 813 840 re
830 790 863 838 et
881 797 938 857 quo

140 873 227 936 modo
253 878 345 937 ledat„
391 880 439 938 62.
465 878 567 954 Itaque
593 877 652 949 illa,
679 895 748 936 eum
773 877 825 936 filii
850 886 938 954 eaput

139 975 233 1050 palum
252 975 441 1053 impugnaret,
456 975 564 1034 fortiter
585 974 640 1033 fuit
658 974 828 1050 repellendo„
869 973 937 1032 Duo

139 1082 245 1144 tamen,
260 1091 324 1150 qun
338 1073 399 1132 sola
412 1082 588 1150 supererant,
602 1071 699 1129 divine
719 1071 825 1130 Cicero
843 1089 936 1130 servs·

136 1168 185 1227 vit
227 1169 365 1241 Primum,
385 1189 423 1229 ne
441 1169 655 1228 oblivisoaretur
674 1167 851 1240 reverentie,
873 1187 935 1245 quar

136 1266 303 1343 perentibus
329 1267 463 1326 debetur:
498 1263 602 1323 deinde
628 1274 669 1336 ut,
696 1264 823 1340 repetitis
850 1265 935 1324 altius

136 1364 242 1435 causis,
264 1364 482 1442 diligentissime
502 1362 675 1432 ostenderet,
696 1380 783 1436 quem
802 1360 843 1434 id,
856 1361 933 1437 quod

136 1471 197 1518 erat
223 1460 253 1518 in
281 1471 400 1518 matrem
426 1461 568 1531 dioturns,
592 1476 651 1517 uon
677 1467 821 1534 oporteret
847 1457 933 1516 modo

135 1555 207 1623 lieri,
234 1556 285 1612 sed
311 1556 396 1613 etiam
426 1574 546 1614 neeesse
571 1564 653 1614 esset.
705 1553 754 1612 63.
779 1553 933 1630 Primaque
981 1616 982 1625 χ

135 1651 198 1709 hare
231 1651 369 1727 expositio
404 1651 467 1720 fuit,
498 1670 660 1727 quenquam
693 1649 729 1707 nd
761 1661 931 1726 presentem
981 1628 982 1647 Χ

136 1746 321 1822 questionem
355 1747 426 1804 nihil
458 1747 636 1823 pertinebat:
678 1746 750 1804 adeo
781 1745 812 1805 in
845 1765 931 1806 eausa
980 1748 981 1755 ’

135 1841 245 1900 difficili
276 1852 360 1918 atque
392 1843 526 1919 perplexa
558 1844 630 1902 nihil
656 1843 735 1920 prius
761 1842 930 1902 intuendum
979 1856 980 1863 ’

135 1938 266 2012 eredidit,
288 1959 373 2016 quam
401 1939 469 2014 quid
495 1940 619 1999 deceret
660 1940 744 1998 Fecit
762 1939 861 2015 itaque
879 1957 929 1998 no·
978 1924 979 1971 l

134 2053 201 2095 men
226 2037 352 2112 parentis
372 2053 429 2096 non
449 2035 511 2094 filio
535 2036 717 2108 invidiosum,
737 2036 788 2093 sed
814 2037 880 2112 ipsi,
900 2037 928 2094 in

134 2153 219 2210 quam
246 2133 402 2192 dicebatur.
451 2132 498 2191 64.
529 2132 627 2193 Potest
653 2143 749 2191 tamen
775 2132 927 2208 aliquando
976 2140 977 2187 l

134 2241 224 2289 mater
243 2240 272 2287 et
291 2229 321 2286 in
341 2247 372 2286 re
391 2228 498 2288 leviore
525 2229 686 2287 autminus
706 2229 809 2290 infesta
827 2241 927 2288 eontra
975 2222 976 2295 l

133 2326 224 2385 lilium
244 2335 334 2383 stare:
355 2336 416 2384 tum
436 2325 529 2385 lenior
550 2335 634 2400 atque
653 2325 830 2384 summissior
844 2328 927 2386 deee-
973 2316 976 2403 l

134 2422 176 2480 bit
202 2421 300 2478 oratio.
341 2421 418 2480 Nam
444 2432 473 2480 et
500 2421 710 2493 satisfaciendo,
732 2432 781 2480 sut
799 2435 926 2482 nostram

133 2519 295 2576 minuemus
328 2518 472 2589 invidiam,
507 2527 556 2576 sut
587 2517 674 2576 etiam
712 2517 743 2575 in
781 2519 925 2579 diversum

133 2633 197 2672 eam
217 2613 434 2674 transferemus:
462 2625 491 2672 et
513 2614 539 2672 si
564 2614 686 2691 graviter
711 2614 808 2674 dolere
833 2615 924 2675 filium

132 2711 225 2787 palum
239 2710 332 2784 luerit,
346 2712 477 2770 credetur
497 2711 597 2769 abesse
617 2711 652 2768 ab
671 2729 707 2770 eo
726 2711 852 2790 eulpam,
866 2713 924 2772 fiet·

131 2823 189 2882 que
214 2807 288 2866 ultro
313 2806 489 2866 miserabilis
530 2807 578 2864 65.
598 2806 737 2866 Avertere
758 2827 874 2884 quoque
893 2810 922 2868 iu

133 2902 203 2961 ulios
223 2902 331 2962 orimsn
351 2902 445 2972 dedet,
459 2912 491 2960 ut
510 2899 610 2960 froude
629 2901 787 2977 aliquorum
807 2906 921 2964 oouoita

160 2998 280 3060 adatur:
307 3007 337 3060 et
361 2996 459 3060 omnia
484 3015 538 3056 nos
562 3013 704 3074 passuros,
722 2996 794 3058 nihil
822 3017 920 3080 aspere
