1984 3342
228 233 309 282 lusu.
328 231 464 282 unsrun.
484 232 546 280 run.
564 231 608 278 xa
628 232 648 278 1.
794 222 836 282 96

44 379 126 441 modo
140 380 276 442 decenter
289 381 351 442 fieri
364 383 463 458 possit,
477 381 610 458 equidem
630 399 689 440 non
710 379 835 453 invenio,

44 478 97 536 nisi
111 478 219 555 uiiqnid
233 479 382 556 reperitur,
392 479 469 555 quod
482 479 603 551 intersit,
612 497 743 555 wanno,
753 485 835 550 etos,

43 583 156 652 tenpus,
171 595 269 648 emisa,
289 576 375 648 loces,
395 576 513 634 orimus.
553 575 601 634 8⁰.
622 574 742 633 Tubero
758 574 837 651 juve·

44 690 107 730 nem
120 691 153 730 se
166 672 241 748 patri
254 672 379 744 haesisse,
394 672 475 730 illum
489 681 620 730 asenam
639 672 758 730 missum
776 689 836 729 non

44 768 78 824 ad
90 767 210 839 bellum,
224 769 273 826 sed
288 769 323 826 ad
337 769 510 828 frumentum
529 768 721 827 coemendum
741 767 790 834 ait,
804 777 837 826 ut

43 863 165 938 primum
178 863 301 936 licuerit,
316 882 333 922 a
351 865 480 940 partibus
498 864 667 922 recessisse:
688 863 837 941 Ligarium

44 971 71 1018 et
95 979 300 1036 perseverasse,
320 970 350 1019 et
369 979 427 1019 non
446 979 501 1037 pro
519 961 574 1018 Cu.
595 959 743 1037 Pompeio,
762 960 837 1018 iuter

44 1075 128 1132 quem
141 1067 171 1115 et
184 1057 326 1116 Caesarem
340 1057 487 1135 dignitatis
501 1057 587 1116 suerit
599 1057 755 1127 contentio,
769 1075 838 1114 cum

45 1153 150 1212 saluam
164 1163 281 1230 uterque
294 1155 499 1230 rempublicam
512 1153 607 1225 veliet,
620 1154 672 1212 sed
688 1171 741 1229 pro
760 1151 839 1210 Jubs

46 1261 128 1326 atque
139 1250 219 1308 Afris
232 1251 437 1310 inimicissimis
449 1250 556 1327 populo
569 1249 704 1307 Romam
716 1247 836 1306 stetisse,

44 1345 90 1403 81.
111 1344 246 1404 Ceterum
261 1345 304 1404 uel
319 1345 487 1404 facillimum
506 1353 560 1416 est,
574 1343 616 1402 ibi
635 1342 757 1401 alienam
778 1341 838 1399 cul·

45 1460 109 1516 pam
130 1441 272 1513 incusare,
285 1441 335 1500 ubi
357 1440 453 1500 fateris
472 1450 560 1498 tuam.
601 1440 711 1497 Verum
730 1437 760 1496 id
778 1438 837 1514 jam

46 1536 151 1594 indicis
164 1547 216 1609 est,
230 1555 288 1595 non
303 1537 415 1594 actoris.
454 1535 546 1622 Quod
559 1535 584 1594 si
596 1535 676 1594 nulla
695 1519 839 1612 contingit

46 1637 201 1706 excusatio,
215 1635 276 1694 sola
288 1635 413 1694 colorem
427 1635 513 1694 habet
524 1634 700 1712 paenitentia
740 1633 839 1692 Potest

46 1731 121 1790 enim
136 1731 225 1790 videri
238 1731 306 1790 satis
319 1730 494 1803 emendatus,
509 1732 558 1807 qui
571 1732 602 1790 in
615 1731 712 1790 odium
727 1748 837 1799 eorum,

47 1827 193 1904 inquibus
206 1837 354 1898 erraverat,
365 1826 425 1902 ipse
436 1845 590 1886 conversus
602 1838 653 1886 est
693 1828 742 1886 82
763 1828 839 1886 Sunt

47 1923 123 1982 enirn
138 1923 263 1999 quidam,
277 1924 326 1998 qui
340 1924 396 1980 hoc
416 1934 519 1981 natura
538 1925 600 2000 ipsa
617 1925 661 1982 rei
680 1941 739 1981 non
760 1923 839 1996 inde-

47 2039 116 2078 neus
129 2020 251 2078 saciant:
272 2030 304 2078 ut
317 2039 382 2078 oum
403 2030 482 2096 pater
503 2039 539 2077 ex
558 2020 708 2078 meretrice
727 2030 836 2091 natum,

47 2116 122 2192 quod
143 2116 255 2175 duxerit
274 2118 453 2176 meretricem
473 2117 504 2173 in
524 2115 745 2185 matrimonium,
760 2115 839 2172 abdi·

48 2223 101 2270 cat
144 2212 323 2272 Scholastica
335 2212 520 2284 materiamen}
532 2229 602 2282 uon,
610 2229 673 2285 quse
681 2229 740 2267 non
749 2209 838 2285 possit

49 2308 187 2366 accidere.
229 2308 287 2366 Hic
298 2309 383 2385 igitur
394 2308 484 2366 muita
496 2326 555 2364 non
569 2306 732 2364 deformiter
745 2305 837 2364 dicet:

48 2405 90 2463 vel
105 2405 182 2480 quod
196 2405 323 2462 omnium
337 2405 374 2462 sit
386 2413 484 2462 votum
496 2413 656 2479 pareutum,
670 2412 703 2460 ut
715 2402 841 2461 honesti·

48 2520 121 2574 ores,
136 2520 221 2577 quam
235 2502 292 2560 sint
305 2501 369 2578 ipsi,
383 2501 488 2559 liberos
502 2500 626 2558 habeant
640 2499 763 2575 (namet
781 2499 841 2558 filia

49 2609 123 2670 nata,
132 2599 266 2656 meretrix
278 2617 342 2656 eam
356 2607 443 2656 mater
456 2597 592 2674 pudicam
605 2615 667 2656 esse
679 2597 840 2678 voluisset),

49 2695 90 2752 vei
118 2695 195 2771 quod
221 2695 355 2753 humilior
382 2695 442 2770 ipse
468 2694 554 2752 fuerit
575 2693 657 2770 (licet
682 2694 759 2752 enim
785 2694 842 2752 hoc
944 2748 947 2755 .

49 2791 170 2871 dicere),
197 2791 241 2848 vel
275 2791 351 2866 quod
384 2809 443 2849 non
475 2790 607 2848 habuerit
638 2799 757 2866 patrem,
792 2789 841 2863 qui

49 2897 192 2946 moneret:
223 2887 270 2945 83.
291 2888 361 2963 quin
382 2906 417 2944 eo
437 2887 531 2944 minus
550 2886 580 2944 id
600 2886 763 2944 faciendum
783 2885 843 2940 filio

49 2982 143 3058 fuisse,
150 3002 188 3044 ne
198 2993 345 3080 renovaret
358 2984 460 3043 domus
471 2982 610 3058 pudorem
622 2991 652 3039 et
663 2979 844 3056 exprobraret
