<?xml version="1.0" encoding="UTF-8"?>
<!DOCTYPE html PUBLIC "-//W3C//DTD XHTML 1.0 Transitional//EN"
    "http://www.w3.org/TR/xhtml1/DTD/xhtml1-transitional.dtd">
<html xmlns="http://www.w3.org/1999/xhtml" xml:lang="en" lang="en">
 <head>
  <title>
</title>
<meta http-equiv="Content-Type" content="text/html;charset=utf-8" />
  <meta name='ocr-system' content='tesseract 3.04.00' />
  <meta name='ocr-capabilities' content='ocr_page ocr_carea ocr_par ocr_line ocrx_word'/>
</head>
<body>
  <div class='ocr_page' id='page_1' title='image "./mfabiiquintilia01dillgoog_0080.png"; bbox 0 0 1984 3342; ppageno 0'>
   <div class='ocr_carea' id='block_1_1' title="bbox 154 191 729 256">
    <p class='ocr_par' dir='ltr' id='par_1_1' title="bbox 154 191 729 256">
     <span class='ocr_line' id='line_1_1' title="bbox 154 191 729 256; baseline -0.009 -6"><span class='ocrx_word' id='word_1_1' title='bbox 154 191 194 256; x_wconf 68' lang='grc'><strong>72</strong></span> <span class='ocrx_word' id='word_1_2' title='bbox 378 197 413 248; x_wconf 82' lang='grc' dir='ltr'><strong>Μ.</strong></span> <span class='ocrx_word' id='word_1_3' title='bbox 433 197 502 248; x_wconf 72' lang='lat' dir='ltr'><strong>utu.</strong></span> <span class='ocrx_word' id='word_1_4' title='bbox 522 196 729 254; x_wconf 61' lang='lat' dir='ltr'><strong>uulnerum</strong></span> 
     </span>
    </p>
   </div>
   <div class='ocr_carea' id='block_1_2' title="bbox 63 343 976 2834">
    <p class='ocr_par' dir='ltr' id='par_1_2' title="bbox 63 343 976 2834">
     <span class='ocr_line' id='line_1_2' title="bbox 156 343 948 422; baseline -0.01 -14"><span class='ocrx_word' id='word_1_5' title='bbox 156 347 186 408; x_wconf 93' lang='lat' dir='ltr'><strong>id</strong></span> <span class='ocrx_word' id='word_1_6' title='bbox 206 345 320 422; x_wconf 87' lang='lat' dir='ltr'><strong>quidem</strong></span> <span class='ocrx_word' id='word_1_7' title='bbox 341 347 504 420; x_wconf 82' lang='lat' dir='ltr'><strong>tacendum,</strong></span> <span class='ocrx_word' id='word_1_8' title='bbox 525 346 601 422; x_wconf 88' lang='lat' dir='ltr'><strong>qnod</strong></span> <span class='ocrx_word' id='word_1_9' title='bbox 621 346 715 406; x_wconf 86' lang='lat' dir='ltr'><strong>eidem</strong></span> <span class='ocrx_word' id='word_1_10' title='bbox 736 343 877 406; x_wconf 83' lang='lat' dir='ltr'><strong>Ciceroni</strong></span> <span class='ocrx_word' id='word_1_11' title='bbox 896 344 948 421; x_wconf 89' lang='lat' dir='ltr'><strong>pla·</strong></span> 
     </span>
     <span class='ocr_line' id='line_1_3' title="bbox 155 443 948 520; baseline -0.004 -18"><span class='ocrx_word' id='word_1_12' title='bbox 155 456 211 515; x_wconf 87' lang='lat' dir='ltr'><strong>cet,</strong></span> <span class='ocrx_word' id='word_1_13' title='bbox 233 443 341 500; x_wconf 89' lang='lat' dir='ltr'><strong>nullum</strong></span> <span class='ocrx_word' id='word_1_14' title='bbox 368 455 495 502; x_wconf 72' lang='lat' dir='ltr'><strong>nostrum</strong></span> <span class='ocrx_word' id='word_1_15' title='bbox 523 463 642 519; x_wconf 78' lang='lat' dir='ltr'><strong>usquam</strong></span> <span class='ocrx_word' id='word_1_16' title='bbox 668 443 864 520; x_wconf 81' lang='lat' dir='ltr'><strong>negligentem</strong></span> <span class='ocrx_word' id='word_1_17' title='bbox 891 461 948 500; x_wconf 87' lang='lat' dir='ltr'><strong>esse</strong></span> 
     </span>
     <span class='ocr_line' id='line_1_4' title="bbox 155 538 947 615; baseline -0.005 -17"><span class='ocrx_word' id='word_1_18' title='bbox 155 557 331 598; x_wconf 86' lang='lat' dir='ltr'><strong>sermonem:</strong></span> <span class='ocrx_word' id='word_1_19' title='bbox 353 540 490 615; x_wconf 88' lang='lat' dir='ltr'><strong>quidquid</strong></span> <span class='ocrx_word' id='word_1_20' title='bbox 504 540 654 614; x_wconf 84' lang='lat' dir='ltr'><strong>loquemur</strong></span> <span class='ocrx_word' id='word_1_21' title='bbox 667 539 843 613; x_wconf 86' lang='lat' dir='ltr'><strong>ubicunque,</strong></span> <span class='ocrx_word' id='word_1_22' title='bbox 853 538 891 596; x_wconf 88' lang='lat' dir='ltr'><strong>sit</strong></span> <span class='ocrx_word' id='word_1_23' title='bbox 902 555 947 614; x_wconf 84' lang='lat' dir='ltr'><strong>pro</strong></span> 
     </span>
     <span class='ocr_line' id='line_1_5' title="bbox 155 636 948 712; baseline -0.005 -18"><span class='ocrx_word' id='word_1_24' title='bbox 155 655 206 694; x_wconf 85' lang='lat' dir='ltr'><strong>sua</strong></span> <span class='ocrx_word' id='word_1_25' title='bbox 232 636 343 694; x_wconf 90' lang='lat' dir='ltr'><strong>scilicet</strong></span> <span class='ocrx_word' id='word_1_26' title='bbox 375 637 506 712; x_wconf 80' lang='lat' dir='ltr'>portione</span> <span class='ocrx_word' id='word_1_27' title='bbox 537 637 705 712; x_wconf 84' lang='lat' dir='ltr'><strong>perfectum.</strong></span> <span class='ocrx_word' id='word_1_28' title='bbox 760 636 948 694; x_wconf 85' lang='lat' dir='ltr'><strong>Scribendum</strong></span> 
     </span>
     <span class='ocr_line' id='line_1_6' title="bbox 156 732 948 809; baseline -0.005 -17"><span class='ocrx_word' id='word_1_29' title='bbox 156 742 233 792; x_wconf 82' lang='lat' dir='ltr'><strong>certe</strong></span> <span class='ocrx_word' id='word_1_30' title='bbox 246 752 391 808; x_wconf 87' lang='lat' dir='ltr'><strong>nunquam</strong></span> <span class='ocrx_word' id='word_1_31' title='bbox 405 743 447 790; x_wconf 88' lang='lat' dir='ltr'><strong>est</strong></span> <span class='ocrx_word' id='word_1_32' title='bbox 462 733 561 809; x_wconf 83' lang='lat' dir='ltr'><strong>magis,</strong></span> <span class='ocrx_word' id='word_1_33' title='bbox 576 752 661 808; x_wconf 91' lang='lat' dir='ltr'><strong>quam</strong></span> <span class='ocrx_word' id='word_1_34' title='bbox 681 752 749 790; x_wconf 87' lang='lat' dir='ltr'><strong>oum</strong></span> <span class='ocrx_word' id='word_1_35' title='bbox 768 732 857 790; x_wconf 83' lang='lat' dir='ltr'><strong>multa</strong></span> <span class='ocrx_word' id='word_1_36' title='bbox 877 732 948 789; x_wconf 85' lang='lat' dir='ltr'><strong>‹lice-</strong></span> 
     </span>
     <span class='ocr_line' id='line_1_7' title="bbox 155 827 948 904; baseline -0.003 -20"><span class='ocrx_word' id='word_1_37' title='bbox 155 846 218 886; x_wconf 83' lang='lat' dir='ltr'><strong>tnus</strong></span> <span class='ocrx_word' id='word_1_38' title='bbox 232 847 267 886; x_wconf 85' lang='lat' dir='ltr'><strong>ex</strong></span> <span class='ocrx_word' id='word_1_39' title='bbox 280 838 414 903; x_wconf 89' lang='lat' dir='ltr'><strong>tempore.</strong></span> <span class='ocrx_word' id='word_1_40' title='bbox 455 827 501 885; x_wconf 88' lang='lat' dir='ltr'><strong>Ita</strong></span> <span class='ocrx_word' id='word_1_41' title='bbox 513 828 590 885; x_wconf 88' lang='lat' dir='ltr'><strong>enim</strong></span> <span class='ocrx_word' id='word_1_42' title='bbox 611 829 768 887; x_wconf 84' lang='lat' dir='ltr'><strong>servabitur</strong></span> <span class='ocrx_word' id='word_1_43' title='bbox 786 828 910 904; x_wconf 89' lang='lat' dir='ltr'><strong>pondus,</strong></span> <span class='ocrx_word' id='word_1_44' title='bbox 922 836 948 883; x_wconf 90' lang='lat' dir='ltr'><strong>et</strong></span> 
     </span>
     <span class='ocr_line' id='line_1_8' title="bbox 156 923 948 984; baseline -0.001 -1"><span class='ocrx_word' id='word_1_45' title='bbox 156 923 288 984; x_wconf 84' lang='lat' dir='ltr'><strong>innatans</strong></span> <span class='ocrx_word' id='word_1_46' title='bbox 302 925 349 982; x_wconf 90' lang='lat' dir='ltr'><strong>illa</strong></span> <span class='ocrx_word' id='word_1_47' title='bbox 363 925 513 982; x_wconf 88' lang='lat' dir='ltr'><strong>verborum</strong></span> <span class='ocrx_word' id='word_1_48' title='bbox 534 925 656 982; x_wconf 79' lang='lat' dir='ltr'><strong>facilitas</strong></span> <span class='ocrx_word' id='word_1_49' title='bbox 676 925 705 982; x_wconf 91' lang='lat' dir='ltr'><strong>in</strong></span> <span class='ocrx_word' id='word_1_50' title='bbox 727 924 813 983; x_wconf 90' lang='lat' dir='ltr'><strong>altum</strong></span> <span class='ocrx_word' id='word_1_51' title='bbox 835 925 948 982; x_wconf 86' lang='lat' dir='ltr'><strong>reduce·</strong></span> 
     </span>
     <span class='ocr_line' id='line_1_9' title="bbox 156 1020 946 1097; baseline -0.001 -19"><span class='ocrx_word' id='word_1_52' title='bbox 156 1031 218 1080; x_wconf 91' lang='lat' dir='ltr'><strong>tur:</strong></span> <span class='ocrx_word' id='word_1_53' title='bbox 241 1021 315 1080; x_wconf 86' lang='lat' dir='ltr'><strong>sicut</strong></span> <span class='ocrx_word' id='word_1_54' title='bbox 329 1021 428 1078; x_wconf 82' lang='lat' dir='ltr'><strong>rustici</strong></span> <span class='ocrx_word' id='word_1_55' title='bbox 442 1020 585 1096; x_wconf 74' lang='lat' dir='ltr'><strong>proximas</strong></span> <span class='ocrx_word' id='word_1_56' title='bbox 594 1020 660 1078; x_wconf 84' lang='lat' dir='ltr'><strong>vitis</strong></span> <span class='ocrx_word' id='word_1_57' title='bbox 673 1021 785 1080; x_wconf 79' lang='lat' dir='ltr'><strong>radices</strong></span> <span class='ocrx_word' id='word_1_58' title='bbox 795 1029 946 1097; x_wconf 90' lang='lat' dir='ltr'><strong>amputant,</strong></span> 
     </span>
     <span class='ocr_line' id='line_1_10' title="bbox 156 1117 947 1194; baseline -0.004 -18"><span class='ocrx_word' id='word_1_59' title='bbox 156 1137 218 1194; x_wconf 80' lang='lat' dir='ltr'><strong>quae</strong></span> <span class='ocrx_word' id='word_1_60' title='bbox 235 1119 310 1176; x_wconf 87' lang='lat' dir='ltr'><strong>illam</strong></span> <span class='ocrx_word' id='word_1_61' title='bbox 325 1118 353 1175; x_wconf 89' lang='lat' dir='ltr'><strong>in</strong></span> <span class='ocrx_word' id='word_1_62' title='bbox 368 1136 511 1176; x_wconf 87' lang='lat' dir='ltr'><strong>summum</strong></span> <span class='ocrx_word' id='word_1_63' title='bbox 523 1117 617 1174; x_wconf 88' lang='lat' dir='ltr'><strong>solum</strong></span> <span class='ocrx_word' id='word_1_64' title='bbox 630 1117 746 1185; x_wconf 87' lang='lat' dir='ltr'><strong>ducunt,</strong></span> <span class='ocrx_word' id='word_1_65' title='bbox 758 1128 790 1174; x_wconf 89' lang='lat' dir='ltr'><strong>ut</strong></span> <span class='ocrx_word' id='word_1_66' title='bbox 803 1117 947 1176; x_wconf 86' lang='lat' dir='ltr'><strong>inferiores</strong></span> 
     </span>
     <span class='ocr_line' id='line_1_11' title="bbox 155 1212 947 1292; baseline -0.005 -20"><span class='ocrx_word' id='word_1_67' title='bbox 155 1215 269 1292; x_wconf 88' lang='lat' dir='ltr'><strong>penitus</strong></span> <span class='ocrx_word' id='word_1_68' title='bbox 289 1213 489 1274; x_wconf 86' lang='lat' dir='ltr'><strong>descendendo</strong></span> <span class='ocrx_word' id='word_1_69' title='bbox 515 1213 670 1270; x_wconf 87' lang='lat' dir='ltr'><strong>firmentur.</strong></span> <span class='ocrx_word' id='word_1_70' title='bbox 710 1215 759 1270; x_wconf 75' lang='lat'><strong>29.</strong></span> <span class='ocrx_word' id='word_1_71' title='bbox 780 1215 827 1270; x_wconf 85' lang='lat' dir='ltr'><strong>Ac</strong></span> <span class='ocrx_word' id='word_1_72' title='bbox 854 1212 947 1271; x_wconf 86' lang='lat' dir='ltr'><strong>nescio</strong></span> 
     </span>
     <span class='ocr_line' id='line_1_12' title="bbox 157 1310 946 1387; baseline -0.008 -16"><span class='ocrx_word' id='word_1_73' title='bbox 157 1331 192 1370; x_wconf 90' lang='lat' dir='ltr'><strong>an</strong></span> <span class='ocrx_word' id='word_1_74' title='bbox 226 1324 387 1387; x_wconf 86' lang='lat' dir='ltr'><strong>utrumque,</strong></span> <span class='ocrx_word' id='word_1_75' title='bbox 415 1330 481 1368; x_wconf 87' lang='lat' dir='ltr'><strong>cum</strong></span> <span class='ocrx_word' id='word_1_76' title='bbox 510 1328 580 1366; x_wconf 85' lang='lat' dir='ltr'><strong>cura</strong></span> <span class='ocrx_word' id='word_1_77' title='bbox 612 1321 641 1366; x_wconf 92' lang='lat' dir='ltr'><strong>et</strong></span> <span class='ocrx_word' id='word_1_78' title='bbox 668 1310 762 1366; x_wconf 89' lang='lat' dir='ltr'><strong>studio</strong></span> <span class='ocrx_word' id='word_1_79' title='bbox 789 1310 946 1375; x_wconf 83' lang='lat' dir='ltr'><strong>fecerimus,</strong></span> 
     </span>
     <span class='ocr_line' id='line_1_13' title="bbox 156 1405 975 1484; baseline -0.005 -18"><span class='ocrx_word' id='word_1_80' title='bbox 156 1409 280 1467; x_wconf 87' lang='lat' dir='ltr'><strong>invicem</strong></span> <span class='ocrx_word' id='word_1_81' title='bbox 293 1409 391 1484; x_wconf 83' lang='lat' dir='ltr'><strong>prosit,</strong></span> <span class='ocrx_word' id='word_1_82' title='bbox 407 1418 439 1464; x_wconf 83' lang='lat' dir='ltr'><strong>ut</strong></span> <span class='ocrx_word' id='word_1_83' title='bbox 452 1406 605 1464; x_wconf 86' lang='lat' dir='ltr'><strong>scribendo</strong></span> <span class='ocrx_word' id='word_1_84' title='bbox 626 1405 755 1462; x_wconf 87' lang='lat' dir='ltr'><strong>dicamus</strong></span> <span class='ocrx_word' id='word_1_85' title='bbox 776 1406 946 1482; x_wconf 86' lang='lat' dir='ltr'><strong>diligentius,</strong></span> <span class='ocrx_word' id='word_1_86' title='bbox 974 1438 975 1457; x_wconf 63' lang='lat' dir='ltr'><strong>r</strong></span> 
     </span>
     <span class='ocr_line' id='line_1_14' title="bbox 157 1501 975 1579; baseline -0.004 -19"><span class='ocrx_word' id='word_1_87' title='bbox 157 1505 279 1561; x_wconf 91' lang='lat' dir='ltr'><strong>dicendo</strong></span> <span class='ocrx_word' id='word_1_88' title='bbox 306 1505 464 1560; x_wconf 84' lang='lat' dir='ltr'><strong>scribamus</strong></span> <span class='ocrx_word' id='word_1_89' title='bbox 491 1503 612 1560; x_wconf 86' lang='lat' dir='ltr'><strong>facilius.</strong></span> <span class='ocrx_word' id='word_1_90' title='bbox 655 1501 847 1561; x_wconf 86' lang='lat' dir='ltr'><strong>Scribendum</strong></span> <span class='ocrx_word' id='word_1_91' title='bbox 874 1521 946 1579; x_wconf 78' lang='lat' dir='ltr'><strong>ergo,</strong></span> <span class='ocrx_word' id='word_1_92' title='bbox 974 1504 975 1519; x_wconf 65' lang='lat'>¹</span> 
     </span>
     <span class='ocr_line' id='line_1_15' title="bbox 156 1597 946 1674; baseline -0.004 -18"><span class='ocrx_word' id='word_1_93' title='bbox 156 1599 267 1674; x_wconf 88' lang='lat' dir='ltr'><strong>quoties</strong></span> <span class='ocrx_word' id='word_1_94' title='bbox 286 1599 402 1667; x_wconf 80' lang='lat' dir='ltr'><strong>licebit3</strong></span> <span class='ocrx_word' id='word_1_95' title='bbox 430 1599 453 1654; x_wconf 91' lang='lat' dir='ltr'><strong>si</strong></span> <span class='ocrx_word' id='word_1_96' title='bbox 475 1598 505 1654; x_wconf 89' lang='lat' dir='ltr'><strong>id</strong></span> <span class='ocrx_word' id='word_1_97' title='bbox 525 1617 584 1655; x_wconf 91' lang='lat' dir='ltr'><strong>non</strong></span> <span class='ocrx_word' id='word_1_98' title='bbox 604 1597 727 1669; x_wconf 87' lang='lat' dir='ltr'><strong>dabitur,</strong></span> <span class='ocrx_word' id='word_1_99' title='bbox 749 1598 946 1674; x_wconf 82' lang='lat' dir='ltr'><strong>cogitandum:</strong></span> 
     </span>
     <span class='ocr_line' id='line_1_16' title="bbox 157 1694 949 1770; baseline 0 -18"><span class='ocrx_word' id='word_1_100' title='bbox 157 1695 192 1752; x_wconf 89' lang='lat' dir='ltr'><strong>ab</strong></span> <span class='ocrx_word' id='word_1_101' title='bbox 207 1705 328 1769; x_wconf 90' lang='lat' dir='ltr'><strong>utroque</strong></span> <span class='ocrx_word' id='word_1_102' title='bbox 341 1694 459 1764; x_wconf 82' lang='lat' dir='ltr'><strong>exclusi,</strong></span> <span class='ocrx_word' id='word_1_103' title='bbox 474 1694 580 1750; x_wconf 87' lang='lat' dir='ltr'><strong>debent</strong></span> <span class='ocrx_word' id='word_1_104' title='bbox 594 1705 687 1752; x_wconf 90' lang='lat' dir='ltr'><strong>tamen</strong></span> <span class='ocrx_word' id='word_1_105' title='bbox 703 1694 803 1764; x_wconf 86' lang='lat' dir='ltr'><strong>anniti,</strong></span> <span class='ocrx_word' id='word_1_106' title='bbox 815 1705 847 1752; x_wconf 90' lang='lat' dir='ltr'><strong>ut</strong></span> <span class='ocrx_word' id='word_1_107' title='bbox 860 1713 949 1770; x_wconf 89' lang='lat' dir='ltr'><strong>neque</strong></span> 
     </span>
     <span class='ocr_line' id='line_1_17' title="bbox 157 1791 976 1867; baseline 0 -19"><span class='ocrx_word' id='word_1_108' title='bbox 157 1791 348 1866; x_wconf 88' lang='lat' dir='ltr'><strong>deprehensus</strong></span> <span class='ocrx_word' id='word_1_109' title='bbox 362 1801 466 1861; x_wconf 82' lang='lat' dir='ltr'><strong>orator,</strong></span> <span class='ocrx_word' id='word_1_110' title='bbox 481 1809 574 1864; x_wconf 88' lang='lat' dir='ltr'><strong>neque</strong></span> <span class='ocrx_word' id='word_1_111' title='bbox 587 1791 712 1867; x_wconf 82' lang='lat' dir='ltr'><strong>litigator</strong></span> <span class='ocrx_word' id='word_1_112' title='bbox 725 1791 878 1848; x_wconf 88' lang='lat' dir='ltr'><strong>destitutus</strong></span> <span class='ocrx_word' id='word_1_113' title='bbox 891 1809 949 1849; x_wconf 86' lang='lat' dir='ltr'><strong>esse</strong></span> <span class='ocrx_word' id='word_1_114' title='bbox 974 1830 976 1857; x_wconf 76' lang='lat'><strong>,</strong></span> 
     </span>
     <span class='ocr_line' id='line_1_18' title="bbox 63 1860 976 1965; baseline -0.002 -21"><span class='ocrx_word' id='word_1_115' title='bbox 63 1929 64 1934; x_wconf 17' lang='grc' dir='ltr'><strong>κ</strong></span> <span class='ocrx_word' id='word_1_116' title='bbox 156 1889 291 1946; x_wconf 85' lang='lat' dir='ltr'><strong>videatur.</strong></span> <span class='ocrx_word' id='word_1_117' title='bbox 333 1887 379 1946; x_wconf 82' lang='lat'><strong>30.</strong></span> <span class='ocrx_word' id='word_1_118' title='bbox 401 1887 572 1962; x_wconf 84' lang='lat' dir='ltr'><strong>Plerumque</strong></span> <span class='ocrx_word' id='word_1_119' title='bbox 586 1899 680 1946; x_wconf 87' lang='lat' dir='ltr'><strong>autem</strong></span> <span class='ocrx_word' id='word_1_120' title='bbox 693 1888 784 1946; x_wconf 90' lang='lat' dir='ltr'><strong>multa</strong></span> <span class='ocrx_word' id='word_1_121' title='bbox 803 1860 976 1965; x_wconf 73' lang='lat' dir='ltr'><strong>agentibus&#39;</strong></span> 
     </span>
     <span class='ocr_line' id='line_1_19' title="bbox 158 1968 975 2060; baseline -0.006 -16"><span class='ocrx_word' id='word_1_122' title='bbox 158 1984 272 2058; x_wconf 82' lang='lat' dir='ltr'><strong>accidit,</strong></span> <span class='ocrx_word' id='word_1_123' title='bbox 293 1995 324 2043; x_wconf 88' lang='lat' dir='ltr'><strong>ut</strong></span> <span class='ocrx_word' id='word_1_124' title='bbox 350 1984 472 2042; x_wconf 86' lang='lat' dir='ltr'><strong>maxime</strong></span> <span class='ocrx_word' id='word_1_125' title='bbox 499 1984 670 2054; x_wconf 88' lang='lat' dir='ltr'><strong>necessaria,</strong></span> <span class='ocrx_word' id='word_1_126' title='bbox 691 1994 721 2041; x_wconf 91' lang='lat' dir='ltr'><strong>et</strong></span> <span class='ocrx_word' id='word_1_127' title='bbox 746 1984 845 2060; x_wconf 84' lang='lat' dir='ltr'><strong>utique</strong></span> <span class='ocrx_word' id='word_1_128' title='bbox 871 1984 952 2043; x_wconf 86' lang='lat' dir='ltr'><strong>initia</strong></span> <span class='ocrx_word' id='word_1_129' title='bbox 974 1968 975 1991; x_wconf 34' lang='lat' dir='ltr'><strong>l</strong></span> 
     </span>
     <span class='ocr_line' id='line_1_20' title="bbox 157 2080 975 2158; baseline -0.004 -18"><span class='ocrx_word' id='word_1_130' title='bbox 157 2083 292 2151; x_wconf 85' lang='lat' dir='ltr'><strong>scribant,</strong></span> <span class='ocrx_word' id='word_1_131' title='bbox 308 2092 412 2151; x_wconf 84' lang='lat' dir='ltr'><strong>cetera,</strong></span> <span class='ocrx_word' id='word_1_132' title='bbox 434 2100 496 2156; x_wconf 77' lang='lat' dir='ltr'><strong>qure</strong></span> <span class='ocrx_word' id='word_1_133' title='bbox 517 2080 604 2137; x_wconf 89' lang='lat' dir='ltr'><strong>domo</strong></span> <span class='ocrx_word' id='word_1_134' title='bbox 625 2081 756 2152; x_wconf 83' lang='lat' dir='ltr'><strong>afferunt,</strong></span> <span class='ocrx_word' id='word_1_135' title='bbox 778 2081 951 2158; x_wconf 77' lang='lat' dir='ltr'><strong>cogitatione</strong></span> <span class='ocrx_word' id='word_1_136' title='bbox 974 2104 975 2109; x_wconf 45' lang='lat'>¹</span> 
     </span>
     <span class='ocr_line' id='line_1_21' title="bbox 157 2177 874 2255; baseline -0.003 -18"><span class='ocrx_word' id='word_1_137' title='bbox 157 2180 391 2255; x_wconf 86' lang='lat' dir='ltr'><strong>complectantur,</strong></span> <span class='ocrx_word' id='word_1_138' title='bbox 407 2177 509 2234; x_wconf 87' lang='lat' dir='ltr'><strong>subitis</strong></span> <span class='ocrx_word' id='word_1_139' title='bbox 523 2196 558 2234; x_wconf 83' lang='lat' dir='ltr'><strong>ex</strong></span> <span class='ocrx_word' id='word_1_140' title='bbox 571 2187 699 2252; x_wconf 87' lang='lat' dir='ltr'><strong>tempore</strong></span> <span class='ocrx_word' id='word_1_141' title='bbox 712 2187 874 2236; x_wconf 85' lang='lat' dir='ltr'><strong>occurrant.</strong></span> 
     </span>
     <span class='ocr_line' id='line_1_22' title="bbox 195 2275 975 2353; baseline -0.008 -13"><span class='ocrx_word' id='word_1_142' title='bbox 195 2278 284 2340; x_wconf 76' lang='lat' dir='ltr'><strong>Quod</strong></span> <span class='ocrx_word' id='word_1_143' title='bbox 300 2277 402 2334; x_wconf 90' lang='lat' dir='ltr'><strong>fecisse</strong></span> <span class='ocrx_word' id='word_1_144' title='bbox 423 2275 463 2334; x_wconf 91' lang='lat' dir='ltr'><strong>M.</strong></span> <span class='ocrx_word' id='word_1_145' title='bbox 479 2275 611 2334; x_wconf 86' lang='lat' dir='ltr'><strong>Tullium</strong></span> <span class='ocrx_word' id='word_1_146' title='bbox 632 2277 846 2334; x_wconf 84' lang='lat' dir='ltr'><strong>commentariis</strong></span> <span class='ocrx_word' id='word_1_147' title='bbox 865 2277 951 2353; x_wconf 89' lang='lat' dir='ltr'><strong>ipsius</strong></span> <span class='ocrx_word' id='word_1_148' title='bbox 974 2300 975 2353; x_wconf 75' lang='lat'>3</span> 
     </span>
     <span class='ocr_line' id='line_1_23' title="bbox 80 2371 975 2450; baseline -0.002 -20"><span class='ocrx_word' id='word_1_149' title='bbox 80 2379 81 2382; x_wconf 75' lang='grc'>’</span> <span class='ocrx_word' id='word_1_150' title='bbox 159 2383 282 2450; x_wconf 85' lang='lat' dir='ltr'><strong>apparet.</strong></span> <span class='ocrx_word' id='word_1_151' title='bbox 317 2373 382 2441; x_wconf 54' lang='lat' dir='ltr'><strong>,sed</strong></span> <span class='ocrx_word' id='word_1_152' title='bbox 396 2371 525 2430; x_wconf 89' lang='lat' dir='ltr'><strong>feruntur</strong></span> <span class='ocrx_word' id='word_1_153' title='bbox 540 2372 657 2428; x_wconf 89' lang='lat' dir='ltr'><strong>aliorum</strong></span> <span class='ocrx_word' id='word_1_154' title='bbox 670 2391 794 2447; x_wconf 90' lang='lat' dir='ltr'><strong>quoque,</strong></span> <span class='ocrx_word' id='word_1_155' title='bbox 803 2383 832 2430; x_wconf 90' lang='lat' dir='ltr'><strong>et</strong></span> <span class='ocrx_word' id='word_1_156' title='bbox 846 2371 951 2431; x_wconf 78' lang='lat' dir='ltr'><strong>inventi</strong></span> <span class='ocrx_word' id='word_1_157' title='bbox 974 2410 975 2435; x_wconf 56' lang='lat'>1</span> 
     </span>
     <span class='ocr_line' id='line_1_24' title="bbox 158 2467 975 2544; baseline -0.001 -18"><span class='ocrx_word' id='word_1_158' title='bbox 158 2471 238 2539; x_wconf 89' lang='lat' dir='ltr'><strong>forte,</strong></span> <span class='ocrx_word' id='word_1_159' title='bbox 253 2480 284 2526; x_wconf 90' lang='lat' dir='ltr'><strong>ut</strong></span> <span class='ocrx_word' id='word_1_160' title='bbox 298 2487 347 2526; x_wconf 89' lang='lat' dir='ltr'><strong>eos</strong></span> <span class='ocrx_word' id='word_1_161' title='bbox 361 2469 490 2526; x_wconf 88' lang='lat' dir='ltr'><strong>dicturus</strong></span> <span class='ocrx_word' id='word_1_162' title='bbox 511 2467 631 2543; x_wconf 87' lang='lat' dir='ltr'><strong>quisque</strong></span> <span class='ocrx_word' id='word_1_163' title='bbox 651 2481 860 2544; x_wconf 85' lang='lat' dir='ltr'><strong>composuerat,</strong></span> <span class='ocrx_word' id='word_1_164' title='bbox 875 2480 905 2528; x_wconf 95' lang='lat' dir='ltr'><strong>et</strong></span> <span class='ocrx_word' id='word_1_165' title='bbox 924 2469 951 2525; x_wconf 91' lang='lat' dir='ltr'><strong>in</strong></span> <span class='ocrx_word' id='word_1_166' title='bbox 974 2496 975 2531; x_wconf 58' lang='lat' dir='ltr'><strong>t</strong></span> 
     </span>
     <span class='ocr_line' id='line_1_25' title="bbox 158 2565 949 2642; baseline 0 -20"><span class='ocrx_word' id='word_1_167' title='bbox 158 2565 245 2622; x_wconf 91' lang='lat' dir='ltr'><strong>libros</strong></span> <span class='ocrx_word' id='word_1_168' title='bbox 260 2565 378 2642; x_wconf 79' lang='lat' dir='ltr'><strong>digesti3</strong></span> <span class='ocrx_word' id='word_1_169' title='bbox 400 2576 432 2624; x_wconf 91' lang='lat' dir='ltr'><strong>ut</strong></span> <span class='ocrx_word' id='word_1_170' title='bbox 446 2583 596 2622; x_wconf 86' lang='lat' dir='ltr'><strong>causarum</strong></span> <span class='ocrx_word' id='word_1_171' title='bbox 610 2584 673 2640; x_wconf 81' lang='lat' dir='ltr'><strong>quae</strong></span> <span class='ocrx_word' id='word_1_172' title='bbox 687 2576 753 2624; x_wconf 86' lang='lat' dir='ltr'><strong>sunt</strong></span> <span class='ocrx_word' id='word_1_173' title='bbox 766 2576 838 2624; x_wconf 81' lang='lat' dir='ltr'><strong>actae</strong></span> <span class='ocrx_word' id='word_1_174' title='bbox 854 2584 871 2624; x_wconf 89' lang='lat' dir='ltr'><strong>a</strong></span> <span class='ocrx_word' id='word_1_175' title='bbox 891 2568 949 2624; x_wconf 84' lang='lat' dir='ltr'><strong>Set.</strong></span> 
     </span>
     <span class='ocr_line' id='line_1_26' title="bbox 158 2650 976 2739; baseline 0 -20"><span class='ocrx_word' id='word_1_176' title='bbox 158 2661 303 2738; x_wconf 84' lang='lat' dir='ltr'><strong>Sulpicio:</strong></span> <span class='ocrx_word' id='word_1_177' title='bbox 326 2661 407 2739; x_wconf 84' lang='lat' dir='ltr'><strong>cujus</strong></span> <span class='ocrx_word' id='word_1_178' title='bbox 420 2673 477 2719; x_wconf 89' lang='lat' dir='ltr'><strong>tres</strong></span> <span class='ocrx_word' id='word_1_179' title='bbox 491 2660 633 2718; x_wconf 82' lang='lat' dir='ltr'><strong>orationes</strong></span> <span class='ocrx_word' id='word_1_180' title='bbox 653 2673 779 2733; x_wconf 70' lang='lat' dir='ltr'><strong>exstant,</strong></span> <span class='ocrx_word' id='word_1_181' title='bbox 800 2663 853 2722; x_wconf 85' lang='lat' dir='ltr'><strong>sed</strong></span> <span class='ocrx_word' id='word_1_182' title='bbox 872 2662 905 2735; x_wconf 89' lang='lat' dir='ltr'><strong>ii,</strong></span> <span class='ocrx_word' id='word_1_183' title='bbox 919 2662 951 2720; x_wconf 88' lang='lat' dir='ltr'><strong>de</strong></span> <span class='ocrx_word' id='word_1_184' title='bbox 974 2650 976 2708; x_wconf 68' lang='lat' dir='ltr'><strong>i</strong></span> 
     </span>
     <span class='ocr_line' id='line_1_27' title="bbox 158 2757 952 2834; baseline 0 -20"><span class='ocrx_word' id='word_1_185' title='bbox 158 2759 261 2833; x_wconf 90' lang='lat' dir='ltr'><strong>quibus</strong></span> <span class='ocrx_word' id='word_1_186' title='bbox 275 2759 384 2834; x_wconf 89' lang='lat' dir='ltr'><strong>loquor,</strong></span> <span class='ocrx_word' id='word_1_187' title='bbox 400 2757 596 2815; x_wconf 88' lang='lat' dir='ltr'><strong>commentarii</strong></span> <span class='ocrx_word' id='word_1_188' title='bbox 611 2758 651 2818; x_wconf 85' lang='lat' dir='ltr'><strong>ita</strong></span> <span class='ocrx_word' id='word_1_189' title='bbox 664 2769 729 2818; x_wconf 87' lang='lat' dir='ltr'><strong>sunt</strong></span> <span class='ocrx_word' id='word_1_190' title='bbox 741 2759 846 2830; x_wconf 81' lang='lat' dir='ltr'><strong>exacti,</strong></span> <span class='ocrx_word' id='word_1_191' title='bbox 866 2771 900 2818; x_wconf 94' lang='lat' dir='ltr'><strong>ut</strong></span> <span class='ocrx_word' id='word_1_192' title='bbox 921 2758 952 2816; x_wconf 88' lang='lat' dir='ltr'><strong>ab</strong></span> 
     </span>
    </p>
   </div>
   <div class='ocr_carea' id='block_1_3' title="bbox 159 2853 976 2930">
    <p class='ocr_par' dir='ltr' id='par_1_3' title="bbox 159 2853 976 2930">
     <span class='ocr_line' id='line_1_28' title="bbox 159 2853 976 2930; baseline 0.004 -18"><span class='ocrx_word' id='word_1_193' title='bbox 159 2854 220 2930; x_wconf 90' lang='lat' dir='ltr'><strong>ipso</strong></span> <span class='ocrx_word' id='word_1_194' title='bbox 233 2855 302 2912; x_wconf 88' lang='lat' dir='ltr'><strong>mihi</strong></span> <span class='ocrx_word' id='word_1_195' title='bbox 317 2855 347 2912; x_wconf 91' lang='lat' dir='ltr'><strong>in</strong></span> <span class='ocrx_word' id='word_1_196' title='bbox 362 2853 527 2912; x_wconf 90' lang='lat' dir='ltr'><strong>memoriam</strong></span> <span class='ocrx_word' id='word_1_197' title='bbox 541 2854 714 2928; x_wconf 87' lang='lat' dir='ltr'><strong>posteritatis</strong></span> <span class='ocrx_word' id='word_1_198' title='bbox 727 2854 879 2915; x_wconf 86' lang='lat' dir='ltr'><strong>videantur</strong></span> <span class='ocrx_word' id='word_1_199' title='bbox 895 2873 953 2914; x_wconf 84' lang='lat' dir='ltr'><strong>esse</strong></span> <span class='ocrx_word' id='word_1_200' title='bbox 974 2860 976 2869; x_wconf 91' lang='lat'>&#39;</span> 
     </span>
    </p>
   </div>
   <div class='ocr_carea' id='block_1_4' title="bbox 159 2951 955 3030">
    <p class='ocr_par' dir='ltr' id='par_1_4' title="bbox 159 2951 955 3030">
     <span class='ocr_line' id='line_1_29' title="bbox 159 2951 955 3030; baseline -0.003 -18"><span class='ocrx_word' id='word_1_201' title='bbox 159 2953 316 3030; x_wconf 88' lang='lat' dir='ltr'><strong>compositi.</strong></span> <span class='ocrx_word' id='word_1_202' title='bbox 358 2953 405 3012; x_wconf 83' lang='lat'><strong>31.</strong></span> <span class='ocrx_word' id='word_1_203' title='bbox 426 2951 455 3011; x_wconf 93' lang='lat' dir='ltr'><strong>N</strong></span> <span class='ocrx_word' id='word_1_204' title='bbox 459 2971 504 3010; x_wconf 90' lang='lat' dir='ltr'><strong>am</strong></span> <span class='ocrx_word' id='word_1_205' title='bbox 518 2951 669 3011; x_wconf 84' lang='lat' dir='ltr'><strong>Ciceronis</strong></span> <span class='ocrx_word' id='word_1_206' title='bbox 683 2951 718 3009; x_wconf 85' lang='lat' dir='ltr'><strong>ad</strong></span> <span class='ocrx_word' id='word_1_207' title='bbox 730 2971 857 3027; x_wconf 74' lang='lat' dir='ltr'><strong>presens</strong></span> <span class='ocrx_word' id='word_1_208' title='bbox 871 2955 955 3014; x_wconf 84' lang='lat' dir='ltr'><strong>modo</strong></span> 
     </span>
    </p>
   </div>
   <div class='ocr_carea' id='block_1_5' title="bbox 0 0 1001 3342">
    <p class='ocr_par' dir='ltr' id='par_1_5' title="bbox 0 0 1001 3342">
     <span class='ocr_line' id='line_1_30' title="bbox 0 0 1001 3342; baseline 0 0"><span class='ocrx_word' id='word_1_209' title='bbox 0 0 1001 3342; x_wconf 95' lang='lat' dir='ltr'><strong> </strong></span> 
     </span>
    </p>
   </div>
  </div>
 </body>
</html>
