1984 3342
133 199 175 260 tt
360 199 714 261 armantarmant
772 171 776 182 ’

135 356 201 417 uiiia
221 356 299 416 auris
317 365 462 429 vacuatos,
475 353 650 414 studendum
670 348 937 422 existimaverimus,

136 471 248 529 semper
275 452 340 524 erit,
366 463 481 528 propter
514 449 593 526 quod
626 450 709 508 uobis
741 448 935 526 iguoeoamua.

134 549 182 608 30.
208 549 312 612 Quare
346 548 375 608 in
409 547 503 616 turba,
537 547 650 618 itinere,
676 545 817 604 aouviriia
850 544 937 602 etiam

135 646 224 706 faoiat
235 647 291 705 sibi
304 645 443 724 eogitatio
457 663 519 721 ipsa
531 655 684 702 seoretum.
724 641 808 706 Quid
829 638 935 716 alioqui

135 741 194 812 fiet,
209 759 276 800 oum
296 741 325 800 in
340 740 436 799 medio
449 739 522 811 foro,
536 749 579 798 tot
592 736 847 796 circumstantibus
863 736 937 814 judi·

136 837 200 908 oiis,
213 838 325 915 jurgiis,
339 837 463 896 fortuitis
475 836 564 894 etiam
578 835 762 906 elamoribus,
772 833 828 892 erit
841 832 937 892 subito

136 935 275 994 contiuua
300 934 430 993 oratioue
450 933 616 1004 dioeudum,
636 931 661 989 ai
680 930 845 1007 particulas,
867 947 937 1006 qum
980 1010 981 1013 Ἴ

134 1031 211 1090 oeria
231 1031 409 1103 mandamus,
430 1030 487 1088 nisi
507 1029 538 1087 iu
557 1028 713 1087 solitudine
732 1026 860 1104 reperire
879 1045 936 1086 nou
980 1016 981 1101 i

134 1131 308 1206 possumus?
348 1127 468 1205 Propter
483 1147 546 1204 quat
561 1126 637 1184 idem
653 1125 701 1184 ilie
714 1135 812 1182 tantus
826 1134 935 1182 amator

134 1227 240 1286 mureti
260 1226 479 1296 Demosthenes,
495 1224 526 1282 iu
548 1223 641 1294 litore,
657 1222 687 1280 iu
700 1221 778 1297 quod
797 1239 830 1279 ae
849 1222 936 1280 maxi·

135 1341 185 1382 mo
199 1341 265 1381 oum
280 1341 352 1382 sono
366 1321 471 1380 ssuotus
486 1319 619 1390 illideret,
635 1318 787 1389 meditans,
800 1335 936 1376 oouauea·

136 1421 220 1478 oebat
234 1419 407 1478 oouoionum
422 1417 553 1476 fremitus
565 1435 625 1474 uon
638 1432 837 1491 expaveaoere.
980 1482 981 1487 ἵ

175 1517 222 1574 ul.
250 1515 426 1590 illaquoque
436 1513 548 1572 minora
557 1511 623 1590 (sed
633 1511 704 1570 nihil
715 1511 745 1568 in
759 1510 862 1568 studiis
874 1528 936 1588 par·

136 1631 203 1670 vum
217 1612 273 1690 est)
286 1629 344 1667 nou
356 1619 421 1666 sunt
432 1608 615 1680 transeunda,
627 1607 714 1666 scribi
728 1606 838 1683 optime
850 1608 935 1678 ceria,

135 1711 167 1768 iu
188 1707 291 1782 quibus
311 1705 448 1764 faoiliima
468 1714 513 1762 est
531 1704 605 1762 ratio
623 1703 758 1764 delendi:
786 1703 843 1761 uisi
862 1703 936 1762 forte

136 1803 214 1862 visua
228 1803 366 1861 infirmior
380 1803 612 1860 membranarum
621 1803 717 1879 potius
728 1821 812 1860 usum
823 1803 935 1881 exiget:
979 1836 980 1871 ι

77 1923 80 1937 ·
136 1919 201 1976 qum
215 1910 247 1958 ut
257 1900 357 1978 juvant
378 1899 481 1971 amem,
496 1899 537 1957 ita
556 1900 658 1957 erebra
676 1899 827 1968 relatione,
842 1898 937 1975 quoad
979 1926 980 1945 2

136 2001 317 2078 intinguntur
332 1999 445 2070 calami,
460 2010 608 2056 morantur
622 2017 749 2070 manum,
762 2007 794 2056 et
806 1998 937 2076 cogitati-

134 2097 200 2156 onis
214 2097 350 2174 impetum
365 2097 509 2173 frangunt,
548 2095 596 2153 32.
617 2093 830 2170 Relinquenda·
842 2106 937 2154 autem
979 2124 980 2129 ¹

136 2195 167 2254 in
188 2195 323 2254 utrolibet
342 2212 449 2272 genere
469 2204 572 2251 oontra
590 2202 675 2250 eruut
694 2211 793 2250 vaouae
813 2193 936 2263 tabellae,

125 2293 166 2377 ¹iu
190 2293 294 2370 quibus
320 2291 411 2350 libera
439 2289 586 2367 adjiciauti
613 2289 650 2348 sit
674 2288 817 2348 excursio.
858 2288 936 2348 Nam

136 2389 252 2448 iuterim
273 2387 416 2466 pigritiam
444 2385 616 2446 emendandi
643 2387 783 2463 augustiae
803 2386 933 2456 fatiunt3

136 2497 186 2546 aut
200 2495 277 2546 uerte
291 2504 428 2544 uovorum
443 2485 688 2561 interpositionem
701 2484 797 2560 priora
817 2485 937 2544 ooofuu·

136 2587 213 2644 dent
254 2584 302 2642 Ne
316 2585 388 2643 latas
401 2583 518 2660 quidem
538 2584 613 2642 ultra
633 2584 751 2643 modum
768 2602 835 2642 ease
854 2602 941 2665 carras¹

134 2681 231 2752 veiim,
252 2692 385 2756 expertus
402 2681 537 2757 juvenem
556 2681 718 2740 studiosum
739 2680 846 2756 alioqui
867 2700 937 2757 praa·

133 2777 237 2855 longos
249 2777 384 2836 habuisse
397 2795 555 2850 sermones,
568 2778 637 2853 quia
650 2778 715 2836 illos
733 2795 858 2836 numero
876 2797 936 2836 aar·

134 2893 220 2934 auum
248 2872 429 2944 metiebatur,
450 2872 537 2947 idque
563 2872 674 2944 vitium,
694 2873 772 2948 quod
792 2872 936 2949 frequenti
978 2852 979 2905 Ῑ

134 2970 334 3034 admouitioaa
357 2968 464 3050 surrigi
481 2987 543 3034 uou
561 2978 706 3049 numerat,
719 2969 839 3032 mutatis
857 2970 937 3032 aad}
978 3020 979 3029 ,
