1984 3342
253 268 337 318 lusu.
358 269 499 319 ORATOR.
521 269 583 318 um.
606 269 637 317 Χ.
657 272 678 317 l.
825 262 864 322 15

103 417 151 478 31.
180 418 312 479 Historia
326 439 439 498 quoque
461 421 537 480 aiere
557 421 717 480 cretionem
737 419 862 496 quodum
970 435 983 454 ⁰

62 516 147 575 uberi
164 517 351 594 jucundoque
371 537 460 577 succo
479 528 581 596 potest.
622 519 731 577 Verum
752 528 781 576 et
801 517 862 594 ipsa

62 613 106 670 sio
121 625 164 672 eat
178 613 309 692 legenda,
321 626 352 674 ut
365 615 501 688 sciamus,
510 615 660 692 pietasque
670 615 732 691 ejus
742 614 862 672 virtutes

60 711 170 768 oratori
184 729 246 770 esse
261 711 396 771 vitandas.
438 711 491 771 Est
505 713 583 770 euim
603 713 734 788 proxima
752 711 859 787 poetis,

61 817 91 864 et
105 807 317 883 quodammodo
337 827 453 866 carmen
472 809 614 866 solutum:
635 819 665 866 et
676 808 810 867 scribitur
825 806 860 866 sd

60 907 247 979 narrandum,
265 925 325 965 non
347 908 381 965 ad
401 908 598 984 probandum:
619 917 768 982 totumque
788 925 861 983 opus

58 1021 119 1060 non
143 1003 179 1060 ad
194 1013 289 1061 actum
302 1003 354 1075 rei,
369 1023 552 1081 pugnamque
564 1015 744 1080 presentem,
759 1003 808 1061 sed
824 1003 861 1061 ad

58 1100 229 1158 memoriam
242 1100 425 1177 posteritatis,
441 1111 469 1158 et
490 1101 600 1178 ingenii
622 1101 727 1158 famam
746 1118 862 1176 compc-

58 1197 156 1254 nitur:
178 1197 299 1272 ideoque
320 1207 349 1255 et
369 1197 462 1254 verbis
482 1197 696 1268 remotioribus,
717 1206 747 1254 et
766 1195 862 1253 liberi·

58 1292 160 1351 oribus
184 1293 282 1370 figuris
302 1293 435 1350 narrandi
459 1292 577 1351 taedium
601 1292 696 1349 evitat.
737 1292 784 1348 32.
805 1291 862 1349 ltn-

58 1408 124 1465 que,
153 1399 186 1446 ut
213 1389 281 1460 dixi,
309 1407 402 1466 neque
436 1389 485 1446 iiia
511 1387 694 1445 Sallustimrc
726 1387 859 1460 brevitas,

58 1505 115 1561 qua
149 1485 221 1544 nihil
255 1486 331 1562 apud
365 1503 448 1544 aures
481 1504 587 1544 vacuas
615 1494 699 1559 atque
733 1483 860 1542 eruditus

55 1596 152 1663 potest
185 1603 248 1644 esse
280 1585 445 1662 perfectius,
473 1585 549 1661 apud
575 1595 748 1661 occupatum
767 1570 860 1642 vvariis

57 1682 283 1762 cogitationibus
316 1683 453 1759 judicem,
482 1692 511 1741 et
537 1683 641 1759 saepius
672 1682 858 1754 ineruditum,

56 1780 201 1856 captanda
215 1780 299 1837 nobis
313 1790 372 1838 est:
394 1799 488 1854 neque
503 1779 553 1837 illa
566 1779 650 1836 Liuii
668 1780 761 1837 lactea
780 1779 860 1837 uber·

56 1883 104 1932 tas
119 1877 189 1932 satis
204 1876 320 1933 docebit
335 1895 412 1948 eum,
428 1875 476 1951 qui
498 1893 556 1932 nou
577 1875 703 1950 speciem
724 1874 859 1950 expositi·

55 1971 132 2043 onis,
160 1971 211 2031 sed
239 1973 324 2032 fidem
351 1973 459 2050 quaerit.
510 1973 557 2032 33.
586 1971 681 2045 Adde,
709 1971 785 2046 quod
814 1970 856 2027 Μ.

54 2069 175 2127 Tullius
201 2089 238 2128 ue
255 2070 458 2146 Thucydidem
479 2070 595 2146 quidem
617 2079 666 2126 aut
685 2066 861 2144 Xenophon·

52 2177 116 2224 tem
132 2167 214 2225 utiles
227 2167 331 2224 oratori
352 2178 441 2243 putat,
456 2185 618 2243 quanquam
639 2166 720 2223 iilum
734 2167 860 2224 bellicum

53 2283 166 2334 canere,
188 2262 271 2340 hujus
291 2263 459 2321 oreMusus
486 2283 543 2320 esse
570 2263 678 2320 locutas
706 2262 856 2322 existimet.

52 2362 142 2420 Licet
155 2373 250 2418 tamen
272 2362 355 2419 nobis
376 2362 405 2418 in
427 2360 652 2438 digressionibus
673 2360 715 2417 uti
735 2359 778 2417 vei
800 2361 857 2419 his-

52 2458 151 2516 torico
166 2477 370 2533 nonuunquam
386 2458 488 2528 nitore,
505 2457 573 2513 dum
587 2457 617 2513 in
632 2457 686 2528 bis,
702 2457 857 2533 dequibus

53 2555 111 2612 erit
126 2554 255 2630 questio,
270 2554 484 2612 meminerimus
505 2573 564 2610 non
586 2553 754 2610 athletarum
776 2555 856 2625 toris,

52 2652 107 2708 sed
128 2651 251 2708 militum
278 2651 391 2709 lacertis
418 2670 489 2726 opus
515 2669 594 2708 esse:
622 2668 678 2708 nec
705 2651 857 2709 versicolo-

50 2767 117 2805 rem
142 2747 230 2820 iliam,
252 2766 308 2824 qua
328 2746 495 2805 Demetrius
522 2746 678 2804 Phalereus
705 2746 856 2805 dicebatur

49 2843 108 2915 uti,
130 2854 236 2902 vestem
258 2844 332 2901 bene
354 2844 388 2900 ad
417 2843 558 2900 sorensem
584 2843 729 2917 pulverem
751 2843 855 2899 facere.

48 2939 102 2997 34.
131 2939 183 2998 Est
204 2951 233 2998 et
254 2940 325 2997 alius
345 2959 381 2997 ex
400 2938 527 2996 historiis
547 2957 625 3008 usus,
646 2947 676 2993 et
695 2936 720 2991 is
738 2935 853 3007 quidem

47 3036 206 3110 maximus,
241 3036 291 3095 sed
330 3053 389 3094 non
429 3033 465 3090 ad
504 3041 672 3108 presentem
707 3025 834 3102 pertinet
