1984 3342
230 237 311 287 rusa.
330 239 467 286 omma.
487 241 547 287 ms.
567 241 598 287 x.
618 242 638 286 1.
788 220 829 290 25

40 389 102 446 bras
115 375 241 447 obduxit.
284 389 401 470 Habent
411 400 505 449 tamen
517 391 564 448 alii
577 407 690 466 quoque
704 389 827 462 Comici,

39 486 62 543 si
81 505 150 543 cum
170 486 253 544 venia
272 487 415 564 leguntur,
436 488 575 562 quedam,
590 507 652 562 quae
671 487 763 563 possis
783 487 829 544 de·

40 601 172 658 serpere:
193 593 222 640 et
234 584 378 660 praecipue
393 583 550 654 Philemon,
565 584 613 658 qui
629 595 659 640 ut
671 583 765 659 prauis
784 582 828 639 sui

39 679 175 754 temporis
186 679 302 754 judiciis
317 679 477 737 Menandro
491 698 566 754 sepe
578 679 710 754 praelatus
723 689 775 750 est,
791 679 829 735 ita

40 793 181 833 consensu
195 785 289 832 tamen
304 776 432 834 omnium
453 777 557 833 meruit
577 775 656 834 credi
676 776 827 832 secundus.

77 872 125 929 73.
153 868 316 928 Historiam
342 871 424 929 multi
451 873 589 948 scripsere
614 873 760 948 praeclare,
780 869 831 929 sed

39 985 126 1025 nemo
139 968 249 1025 dubitat
261 968 346 1044 longe
360 968 432 1025 duos
443 969 545 1026 ceteris
553 968 752 1045 preferendos,
763 985 831 1043 quo·

39 1083 102 1120 mm
117 1063 227 1121 diversa
240 1063 329 1120 virtus
351 1063 465 1132 laudem
487 1083 569 1140 paene
591 1075 634 1123 est
653 1083 750 1142 parem
765 1083 832 1122 oon·

40 1166 148 1216 secuta.
190 1157 315 1228 Densus,
329 1167 357 1216 at
371 1158 473 1230 brevis,
488 1169 518 1216 et
531 1177 641 1235 semper
655 1160 763 1218 instans
776 1157 832 1216 sibi

45 1251 244 1330 Thucydides.-
258 1253 361 1327 dulois‚
375 1265 404 1314 et
418 1255 567 1326 candidus,
576 1265 605 1312 et
615 1255 695 1313 fusus
705 1253 833 1313 flendo

40 1361 106 1410 tas.-
127 1353 176 1411 ilie
191 1353 350 1425 concitatis,
360 1354 408 1412 hic
422 1353 548 1412 remissis
562 1351 831 1424 affectibusmelior3

40 1449 90 1508 iile
116 1450 316 1522 concionibus,
343 1449 392 1508 hic
418 1450 611 1521 sermonibus3
645 1449 694 1508 iile
719 1449 757 1522 vi,
784 1449 834 1508 hic

41 1547 194 1623 roiuptste.
235 1547 281 1605 74.
310 1546 498 1624 Theopompus
518 1546 563 1604 his
581 1547 737 1624 proximus,
751 1556 782 1604 ut
802 1546 833 1606 in

41 1642 161 1702 historia
173 1642 318 1719 predictis
330 1643 432 1712 minor,
443 1644 483 1701 ita
495 1644 601 1701 oratori
615 1643 705 1722 magis
716 1642 832 1701 similis:

41 1750 73 1797 ut
102 1740 162 1815 qui,
184 1730 334 1815 antequam
363 1750 406 1796 est
434 1739 469 1798 ad
489 1739 545 1797 hoc
564 1756 636 1815 opus
655 1740 833 1811 sollicitatus,

40 1837 92 1896 diu
106 1837 193 1894 fuerit
206 1847 307 1894 orator.
349 1835 495 1894 Philistus
510 1855 624 1912 quoquc
637 1847 770 1909 meretur,
785 1828 834 1912 qui

39 1934 133 1992 turbae
148 1933 275 2009 quamvis
295 1935 434 1991 bonorum
454 1944 519 2008 post
538 1951 588 1991 eos
608 1944 756 1992 auctorum
776 1932 834 1990 exi·

39 2040 146 2102 matur,
162 2029 285 2088 imitator
298 2027 488 2106 Thucydidis,
498 2039 527 2087 et
540 2040 571 2086 ut
584 2029 673 2087 multo
688 2029 833 2100 infirmior,

39 2128 82 2186 ita
112 2127 289 2202 aliquatenus
314 2125 444 2184 lucidior.
485 2125 631 2202 Ephorus,
658 2135 690 2182 ut
715 2124 834 2182 Isocrati

38 2228 146 2295 visum,
168 2223 327 2282 calcaribus
354 2233 425 2300 eget.
469 2222 612 2280 Chitorehi
630 2222 764 2297 probatur
792 2220 835 2278 in·

39 2321 172 2399 genium,
186 2319 257 2379 fides
277 2320 437 2378 infamatur.
479 2319 525 2376 75.
547 2318 648 2396 Longo
667 2327 731 2392 post
750 2317 836 2376 inter·

39 2417 120 2476 sallo
132 2417 268 2493 temporis
281 2426 365 2476 uatus
385 2415 552 2491 Timagenes
571 2414 628 2472 hoc
647 2424 691 2472 est
709 2413 752 2474 vel
773 2413 835 2490 ipso

38 2513 210 2590 probabilis,
231 2511 308 2587 quod
328 2512 519 2570 intermissam
539 2511 671 2569 historias
691 2511 835 2569 scribendi

38 2610 213 2668 industriam
227 2628 300 2666 nova
312 2609 396 2668 laude
414 2609 561 2684 reparavit„
602 2605 757 2684 Xenophon
777 2625 836 2666 non

38 2706 152 2763 excidit
165 2705 246 2776 mihi,
262 2705 310 2763 sed
326 2705 399 2762 inter
412 2705 596 2781 philosophos
609 2704 770 2762 reddendus
782 2713 833 2761 est.

80 2799 132 2859 76.
161 2801 296 2875 Sequitur
309 2810 452 2858 oratorum
472 2800 573 2876 ingens
593 2819 702 2870 manus,
717 2809 749 2857 ut
769 2817 835 2856 cum

38 2898 146 2954 decem
160 2894 245 2952 simul
259 2895 380 2952 Athenis
394 2905 462 2952 aetas
482 2912 538 2951 una
558 2893 661 2951 tulerit.
700 2893 834 2953 Quorum

35 2995 132 3070 longe
143 2992 278 3068 princeps
291 2990 500 3060 Demosthenes,
515 3007 549 3046 ac
567 3005 649 3062 pasus
668 2987 714 3043 lex
733 2979 834 3040 orandi

282 3085 302 3143 3
