1984 3342
156 249 215 308 122
377 255 414 302 u.
433 254 503 302 rra
521 253 726 311 omnumrunr

152 405 263 484 plenus,
284 403 394 464 nullum
414 403 515 463 afferre
534 403 637 462 animis
655 412 764 461 motum
782 411 897 479 potest:
921 411 952 461 et
986 455 987 458 ,

153 501 202 560 illo
227 500 389 578 praetenuis‚
416 510 445 558 et
470 500 632 559 immodice
652 499 798 571 claritatis,
819 518 890 557 cum
908 509 951 557 est

153 597 227 656 ultra
258 615 366 669 rerum,
392 607 453 654 tum
479 615 573 671 neque
597 595 837 672 pronunciatione
863 595 949 668 flenti,
986 650 987 685 ,

153 691 368 768 nequediutius
381 692 454 750 serre
467 692 654 750 intentionem
666 701 768 768 potest.
809 693 859 750 42.
873 691 949 750 Nam
986 748 987 763 ,

154 807 219 861 vox,
233 799 265 846 ut
277 789 366 861 nervi,
381 807 437 864 quo
450 789 604 860 remissior,
618 789 675 845 boo
686 788 799 865 gravior
811 797 843 845 et
862 788 949 864 pleni·
986 822 987 865 q

154 903 205 944 or:
226 904 283 961 quo
302 886 418 958 tensior,
440 885 496 943 hoo
515 885 610 943 tenuis
629 894 659 942 et
680 895 766 942 aouta
784 884 879 962 magis
898 894 947 942 est
986 868 987 871 Ἴ

154 981 206 1040 sto
220 981 277 1040 ima
295 981 353 1040 rim
372 1001 430 1040 non
450 982 545 1052 habet,
565 999 677 1039 summa
695 980 788 1056 rumpi
807 981 948 1056 periclita-
986 966 987 969 ¹

154 1088 209 1139 tur.
256 1077 362 1137 Mediis
388 1096 457 1156 ergo
482 1077 621 1136 utendam
646 1077 740 1148 sonis;
767 1077 858 1151 bique
883 1095 947 1136 oum

155 1175 286 1253 augenda
305 1175 465 1234 intentione
484 1172 638 1245 excitandi,
658 1191 725 1230 oum
744 1173 948 1231 summittenda

154 1282 221 1330 sunt
234 1270 416 1347 temperandi.

193 1368 240 1426 43.
267 1366 345 1425 Nam
357 1369 448 1444 prima
465 1377 509 1425 est
521 1366 680 1424 observatio
699 1375 778 1423 reete
796 1364 947 1441 pronunci-
986 1382 987 1385 ’

156 1465 232 1535 andi,
253 1465 414 1540 equalitas,
440 1482 478 1522 ne
504 1480 598 1520 sermo
623 1462 764 1520 subsultet
790 1461 946 1537 imparibus

155 1558 253 1636 spatiis
280 1560 420 1630 ausonis,
440 1559 564 1617 miscens
583 1559 670 1635 longa
688 1557 830 1629 brevibus,
851 1557 948 1635 gravia
986 1594 987 1663 q

157 1653 257 1725 acutis,
285 1653 359 1712 elata
385 1655 553 1726 summissis,
574 1665 603 1712 et
628 1653 821 1729 inequalitate
846 1654 946 1712 horum
986 1710 987 1729 ἱ

68 1739 72 1748 Ι
156 1749 294 1820 omnium,
308 1749 509 1826 sioutpedum,
524 1751 675 1808 claudioet.
717 1749 852 1808 Secunda
870 1749 947 1808 ouri·
986 1742 987 1809 l

155 1854 226 1917 ctus,
247 1845 323 1920 quod
349 1845 441 1902 solum
463 1856 507 1904 est
525 1846 733 1922 pronunciatio.
774 1847 821 1904 44„
843 1847 892 1904 Ao
910 1864 947 1904 ne

156 1942 219 2018 quis
231 1960 358 2019 pugnare
378 1941 450 1998 inter
471 1959 502 1998 se
521 1952 601 2017 putet
620 1943 810 2017 equalitatem
829 1953 859 2000 et
877 1943 948 2000 rari-

156 2048 274 2108 etatem;
302 2055 368 2094 oum
394 2036 558 2095 illi'virtuti
584 2039 758 2096 eontrarium
784 2039 885 2097 vitium
910 2039 947 2096 sit

156 2133 342 2210 inequalitas,
370 2132 448 2205 huie,
475 2133 524 2208 qui
556 2133 662 2192 dieitur
686 2133 839 2206 μονοειδὴς,
866 2133 946 2210 quusi

156 2231 271 2307 quidam
283 2247 358 2286 unus
372 2240 510 2305 aspectus.
551 2229 608 2286 Ars
627 2248 712 2305 porro
731 2230 946 2289 ruriandieum

156 2327 275 2404 gratiam
295 2325 412 2400 prebet,
428 2345 462 2384 ao
481 2335 598 2383 renovat
618 2345 709 2400 aures,
723 2337 784 2385 tum
802 2327 946 2385 dicentem

156 2421 217 2497 ipsa
229 2420 334 2478 laboris
347 2421 503 2480 mutatione
512 2421 620 2479 reficit:
641 2433 674 2480 ut
683 2422 786 2494 standi,
801 2423 948 2481 ambulan-
986 2416 987 2427 ¹

157 2517 196 2589 di,
217 2516 343 2589 sedendi,
368 2517 481 2594 jacendi
501 2518 578 2576 riuos
604 2529 679 2591 sunt,
699 2519 829 2594 nihilque
848 2537 947 2577 eorum
986 2550 987 2581 1

155 2613 215 2690 pati
235 2633 324 2671 unum
344 2613 394 2671 diu
412 2633 571 2690 possumus.
611 2616 659 2672 45.
679 2613 753 2672 Illud
772 2633 842 2672 rero
861 2614 949 2672 maxi·

156 2729 245 2783 mum,
255 2709 319 2789 (sed
333 2710 362 2768 id
374 2711 532 2786 paulopost
545 2711 745 2789 tractabimus)
756 2711 834 2785 quod
847 2730 949 2770 seeun-
986 2742 988 2820 q

157 2805 226 2864 dum
239 2807 377 2864 rationem
399 2805 503 2876 rerum,
518 2805 553 2862 de
572 2805 675 2879 quibus
694 2805 827 2878 dicimus,
841 2807 950 2864 animo·

146 2920 277 2978 rumque
303 2900 426 2971 habitus,
453 2899 657 2957 conformanda
689 2919 744 2958 ror
768 2912 821 2973 est,
847 2921 889 2960 ne
915 2903 951 2959 ab
986 2897 988 2918 '

158 2999 285 3060 oratione
310 2995 461 3057 dissordet.
503 2995 633 3056 Vitemus
659 2997 745 3075 igitur
770 2997 860 3073 illam,
888 3017 953 3075 que
