1984 3342
151 233 192 294 26
393 241 428 288 Μ.
448 240 517 288 Fau.
536 238 741 297 <tumtunm

153 388 222 448 suit:
242 398 321 448 tauta
339 389 381 446 ris
401 389 431 447 in
450 408 495 462 eo,
509 400 568 448 tam
587 389 676 448 densa
694 387 802 460 omnia,
821 387 864 446 ita
883 387 944 465 qni·

153 485 272 542 busdam
285 485 378 542 nervis
391 486 501 544 intenta
513 497 663 557 sunt‚.tam
676 485 748 542 nihil
768 485 905 556 otiosum,
919 485 943 542 is

152 580 266 638 dicendi
280 582 390 653 modus,
405 593 437 638 ut
449 601 505 640 neo
518 583 594 658 quod
608 582 681 640 desit
693 582 725 638 in
737 599 783 652 eo,
796 600 852 638 neo
865 581 943 656 quod

152 674 290 734 redundet
316 677 451 735 invenias.
503 679 550 736 77.
579 677 694 735 Plenior
720 677 887 748 AEscltines‚
915 685 943 734 et

152 772 242 849 magis
275 773 363 846 fusus,
390 784 419 832 et
450 774 594 852 grandiori
626 773 737 844 similis,
763 792 821 848 quo
847 774 943 830 minua
982 782 983 801 ¹

152 869 266 926 strictus
299 881 358 928 est:
392 871 486 928 earnis
512 881 609 928 tamen
634 870 698 946 plus
724 870 819 941 habet,
847 870 943 928 minus

151 963 329 1024 lacertorum.
370 967 472 1025 Dulcis
493 967 632 1043 imprimis
651 977 680 1024 et
700 977 802 1024 acutus
815 966 943 1042 Hyperi·

151 1061 217 1120 des:
238 1063 287 1120 sed
301 1063 459 1120 minoribus
472 1063 577 1135 causis,
587 1073 620 1121 ut
628 1081 687 1121 non
701 1062 821 1120 dixerim
834 1063 941 1133 utilior,

152 1159 242 1236 magis
255 1179 313 1236 par.
354 1160 401 1218 78.
423 1160 479 1218 His
499 1170 581 1218 aetate
595 1160 703 1236 Lysias
717 1159 816 1234 major,
830 1159 942 1216 subtilis

154 1265 237 1332 atque
257 1256 380 1334 elegans,
395 1266 431 1314 et
443 1275 501 1333 quo
520 1256 602 1327 nihil,
616 1255 641 1312 si
661 1254 767 1313 oratori
786 1254 856 1312 satis
868 1264 943 1312 esset

152 1352 265 1426 dooere,
279 1373 389 1430 queres
400 1354 574 1431 perfectius:
594 1352 665 1410 nihil
686 1352 764 1410 enim
783 1361 826 1408 est
845 1351 942 1418 inane,

152 1449 222 1508 nihil
246 1451 426 1519 arcessitum3
446 1468 520 1526 puro
533 1459 628 1506 tamen
643 1448 724 1519 fonti,
739 1465 824 1522 quam
836 1465 943 1524 magno
983 1460 984 1463 ’

152 1543 263 1602 flumini
275 1545 397 1620 propior.
438 1545 485 1602 79.
505 1544 645 1602 Isocrates
660 1544 689 1601 in
707 1543 819 1601 diverso
837 1561 943 1620 genere

153 1639 267 1696 dicendi
293 1639 400 1697 nitidus
426 1649 454 1696 et
481 1649 602 1712 oomtus,
629 1649 658 1698 et
684 1640 830 1716 palestre,
857 1658 944 1715 quam

152 1753 265 1812 pugna,
298 1734 388 1812 magis
421 1735 664 1807 accommodatus,
696 1754 795 1794 omnes
828 1735 944 1794 dicendi

153 1829 280 1888 Veneres
299 1841 424 1890 sectatus
443 1841 502 1904 est;
528 1851 584 1890 neo
610 1833 768 1890 immerito:
796 1831 944 1890 auditoriis

154 1925 230 1986 enim
244 1945 285 1999 se,
299 1946 356 1986 non
373 1927 491 2004 judiciis
510 1939 704 2006 compararat:
729 1929 759 1986 in
779 1929 944 1988 inventione

154 2022 255 2096 facilis,
277 2023 388 2082 honesti
408 2025 568 2083 studiosus:
595 2025 625 2083 in
646 2026 852 2102 oompositione
873 2026 945 2084 adeo

154 2117 284 2198 diligens,
298 2131 331 2178 ut
344 2141 413 2180 eura
426 2122 486 2198 ejus
501 2122 730 2198 reprehendatur.
771 2121 818 2180 80.
840 2121 945 2196 Neque

154 2235 208 2294 ego
235 2216 264 2276 in
291 2217 344 2290 his,
365 2219 401 2275 de
427 2219 532 2294 quibus
558 2219 671 2277 locutus
697 2237 771 2290 sum,
791 2217 843 2275 has
869 2219 945 2276 solas

154 2313 280 2381 virtutes,
301 2314 351 2372 sed
378 2314 428 2372 has
454 2315 612 2391 praecipuas
638 2325 724 2391 puto:
752 2333 807 2372 neo
834 2324 945 2373 ceteros

154 2428 254 2485 parum
286 2409 371 2476 fuisse
398 2429 524 2488 magnos.
577 2411 661 2474 Quin
687 2411 775 2469 etiam
799 2411 946 2470 Phalerea

155 2505 235 2562 iilum
249 2505 432 2576 Demetrium,
446 2525 607 2581 quanquam
628 2507 652 2564 is
669 2507 777 2583 primus
793 2507 945 2564 inclinasse

156 2600 346 2675 eloquentiam
360 2602 474 2672 dieitur,
489 2603 611 2660 multum
630 2603 741 2682 ingenii
761 2604 896 2660 habuisse
916 2612 945 2660 et

155 2695 295 2754 facundiae
316 2697 413 2770 fateor,
436 2698 479 2756 vel
506 2699 544 2756 ob
570 2700 626 2757 hoo
651 2699 789 2758 memoria
815 2699 944 2777 dignum,

156 2791 231 2866 quod
246 2793 360 2851 ultimus
380 2804 422 2851 est
443 2794 501 2852 fere
521 2815 557 2852 ex
577 2795 692 2867 Atticis,
707 2796 756 2870 qui
778 2795 836 2852 diei
856 2795 945 2870 possit

156 2897 265 2946 orator:
287 2907 369 2963 quem
383 2900 478 2949 tamen
492 2891 522 2948 in
535 2892 582 2949 illo
597 2890 692 2949 medio
705 2909 810 2969 genere
830 2890 946 2950 dicendi

156 2985 269 3062 praesert
282 2987 414 3046 omnibus
427 2987 540 3046 Cicero.
