1984 3342
132 195 172 252 7⁶
353 201 388 250 n.
408 199 475 248 ran.
495 199 701 256 Qumnmrsrn

133 369 188 410 neo
211 351 284 427 joeir
310 351 452 422 lacrimas,
477 351 527 408 ubi
552 369 625 426 opus
650 347 706 407 erit
731 347 925 419 minutione,
952 378 964 424 ρ

133 447 312 505 siooabimus.
367 449 393 504 7.
414 447 492 504 Nam
518 458 636 504 ornatus
660 446 756 508 omnis
781 463 841 502 nou
868 456 925 501 tam

134 562 193 614 sue,
209 561 292 618 quam
306 544 358 614 rei,
373 544 420 600 eui
435 543 594 613 adhibetur,
608 541 776 600 conditione
795 551 925 598 constat:

133 657 188 698 nee
201 641 264 714 plus
278 641 372 710 refert,
387 640 455 714 qnid
470 639 561 710 dions,
574 657 660 713 quam
673 657 731 714 quo
749 637 825 695 loeo.
869 637 926 694 Sed

133 746 224 794 totum
251 736 314 806 hoo,
336 745 400 810 apte
419 735 521 807 dicere,
544 755 601 792 non
627 735 789 793 elocutionis
815 744 926 790 tantum

133 849 237 908 genere
257 841 377 902 constat,
393 831 443 889 sed
456 842 500 889 est
513 851 580 888 eum
592 833 750 889 inventione
763 848 925 888 commone.

132 927 162 984 N
165 946 209 984 am
229 928 253 985 si
274 937 382 986 tanturn
402 929 508 986 habent
527 928 614 986 etiam
633 928 719 986 verba
739 939 925 997 momentum,

133 1035 238 1099 quanto
263 1043 308 1082 res
334 1023 402 1100 ipsae
435 1025 545 1101 majust
596 1024 729 1085 Quorum
755 1043 820 1098 quae
854 1033 926 1082 esset

130 1121 299 1192 observatio,
314 1121 374 1178 suis
386 1121 459 1180 loeis
472 1121 594 1178 subinde
606 1120 788 1196 subjecimus.

171 1218 198 1276 Θ.
226 1217 300 1276 Illud
314 1228 357 1276 est
369 1217 534 1294 diligentius
547 1216 719 1287 docendum,
730 1234 797 1274 eum
810 1215 925 1273 demum

133 1315 229 1374 dicere
257 1327 331 1393 apte,
352 1315 411 1389 qui,
431 1331 490 1372 non
510 1314 602 1370 solum
621 1313 694 1390 quid
717 1301 858 1389 expedint,
877 1311 925 1370 sed

134 1412 218 1470 etiam
244 1411 315 1488 qnid
339 1410 443 1482 deceat,
473 1409 635 1485 inspexerit
676 1409 743 1467 Neo
768 1427 815 1466 me
843 1409 924 1486 fugit,

132 1510 300 1586 plerumque
333 1507 396 1566 haee
426 1524 489 1566 esse
521 1506 684 1584 oonjnnota.
739 1505 817 1562 Nem
852 1504 924 1580 qnod
970 1506 971 1519 ¹

133 1608 225 1677 decet,
253 1607 312 1664 lere
343 1605 475 1680 prodest:
509 1623 604 1680 neque
638 1604 693 1661 alio
719 1602 811 1679 magis
839 1600 924 1660 animi

136 1703 265 1779 judicum
292 1701 452 1773 conciliari,
481 1711 538 1771 aut,
566 1701 592 1758 si
620 1716 666 1758 res
692 1699 722 1757 in
750 1701 924 1758 contrarium

134 1797 207 1866 tulit,
218 1795 333 1853 alienari
347 1796 446 1854 solent.
487 1797 516 1854 9.
537 1795 703 1870 Aliquando
713 1805 810 1852 tamen
820 1806 851 1853 et
865 1796 925 1852 heo

133 1892 309 1950 dissentiunt.
355 1892 480 1954 Quoties
508 1903 603 1950 autem
628 1894 807 1970 pugnabunt,
835 1891 925 1968 ipsam

134 1987 284 2047 utilitatem
297 1990 392 2048 vincet
412 1989 488 2064 quod
508 1989 600 2046 decet.
641 1988 671 2045 N
674 2007 718 2046 am
740 1988 804 2063 quis
823 1988 924 2057 nescit,

134 2085 204 2142 nihil
219 2087 308 2162 magis
327 2087 506 2164 profuturum
527 2085 562 2142 ad
584 2085 792 2142 absolutionem
813 2083 925 2142 Socrui

135 2181 230 2254 finisse,
252 2201 335 2257 quam
356 2183 380 2239 si
401 2192 475 2238 esset
495 2201 564 2239 usus
590 2183 639 2239 illo
663 2182 807 2258 judioirli'
821 2199 925 2258 genere

134 2277 316 2346 defensionis,
343 2287 372 2334 et
398 2277 528 2336 oratione
561 2278 712 2336 summisso
744 2279 926 2336 conciliasset
970 2282 971 2375 l

136 2372 265 2449 judicum
286 2373 394 2430 animos
415 2373 478 2442 sibi,
501 2375 667 2448 crimenque
689 2374 781 2450 ipsum
803 2374 926 2432 sollicite
970 2380 971 2393 ¹

134 2468 340 2544 redarguisset?
382 2471 426 2527 10.
448 2471 555 2528 Verum
570 2471 600 2527 id
620 2489 684 2528 eum
706 2471 825 2528 minime
846 2471 926 2529 deee-
970 2404 972 2507 Ι

133 2565 199 2622 bat:
214 2563 334 2639 ideoque
348 2566 390 2623 sie
404 2567 472 2643 egit,
486 2567 578 2641 utqui
591 2585 704 2642 poenam
718 2586 800 2624 suam
814 2567 926 2638 honori·

133 2661 186 2720 bus
200 2661 316 2718 summis
330 2673 404 2720 esset
424 2661 621 2721 estimaturue.
663 2663 767 2720 Maluit
787 2665 866 2721 enim
886 2664 925 2720 vir

133 2757 367 2832 sapientissimus,
383 2760 457 2832 quod
472 2770 631 2832 superesset
644 2778 680 2816 er
699 2760 766 2830 vita,
780 2760 837 2816 sibi
857 2760 926 2836 peri·
970 2746 972 2816 l

133 2870 174 2923 re,
189 2869 273 2926 quam
286 2853 361 2927 quod
375 2853 553 2928 preterisset.
595 2853 633 2910 Et
647 2855 761 2928 quando
782 2856 818 2911 ab
838 2856 927 2913 horni-
970 2850 971 2853 ¹

134 2949 218 3010 nibus
230 2951 275 3009 sui
295 2951 428 3028 temporis
446 2969 548 3028 parum
568 2950 789 3027 intelligebatur,
802 2964 928 3028 postero-
970 2987 972 2990 >
