1984 3342
162 255 219 316 142
398 264 433 311 m.
453 263 523 310 rus.
542 261 748 320 nummnmm

158 433 230 486 rum,
251 431 305 472 nort
332 413 372 472 ad
396 431 537 472 numerum
558 413 698 471 articulus
718 411 832 484 cadens,
853 421 952 470 trunco

158 509 250 584 magis
278 517 334 568 toto
360 529 388 568 se
414 511 473 586 ipsc
499 495 654 580 modoinus,
677 517 706 567 ct
724 509 807 566 virili
834 509 951 567 torm
984 552 985 613 p

156 605 285 682 flexione.
328 607 392 664 123.
414 605 521 664 Femur
541 605 635 677 ferire,
657 605 733 680 qnod
753 604 881 662 Athenis
899 605 951 681 pri·

158 721 221 759 mus
248 702 350 760 lenisse
376 703 501 760 creditur
520 702 623 772 Cleon,
643 711 673 758 et
692 701 830 757 usitatum
850 711 904 772 est,
924 709 951 757 et

158 797 339 874 indignantes
366 799 457 871 decet,
479 808 507 855 et
527 798 632 855 excitat
652 795 819 854 auditorem.
861 795 950 872 quue

158 891 188 951 in
208 893 322 952 Calidio
342 893 447 952 Cicero
467 893 619 964 desiderat,
640 892 707 950 Nou
725 891 826 968 from,
849 892 948 968 inquit,
984 902 985 905 ’

158 1007 305 1066 percussa,
327 1010 381 1048 non
399 989 507 1067 femur.
548 989 735 1063 Quanquam,
763 988 787 1045 si
814 988 895 1061 licet,
915 989 949 1045 de

155 1087 248 1145 'fronte
268 1087 413 1145 dissentio.
455 1085 533 1144 Num
552 1085 638 1142 etism
652 1084 837 1160 complodere
850 1103 949 1142 manns
984 1092 985 1097 ’

156 1183 303 1241 scenicum
337 1193 389 1254 est,
417 1191 444 1239 et
477 1192 579 1257 peetus
612 1181 730 1238 oaedere.
782 1181 849 1238 124.
876 1180 948 1238 Illud

156 1299 268 1356 qnoque
287 1299 352 1338 raro
372 1279 494 1351 decebit,
516 1297 587 1335 cars
607 1295 693 1334 menn
713 1278 833 1334 summis
854 1277 948 1354 digitis
984 1268 985 1317 l

154 1387 255 1452 pectus
282 1387 422 1453 appetere,
450 1374 474 1434 si
500 1374 614 1450 quando
640 1384 753 1431 nosmet
778 1374 859 1449 ipsos
885 1375 949 1432 ello·

155 1473 278 1547 quimur,
312 1473 502 1542 cohortantes,
535 1471 729 1546 objurgantes,
763 1471 946 1529 miserantes:
984 1466 986 1547 i

155 1568 275 1643 quodsi
296 1568 409 1643 qnando
429 1567 487 1640 fiet,
508 1577 604 1643 togam
624 1583 738 1641 quoque
764 1565 833 1624 inde
860 1585 948 1624 remo·
984 1570 985 1579 ’

153 1664 213 1721 'veri
240 1683 297 1721 non
330 1663 487 1721 dedecebit.
541 1661 577 1719 In
610 1661 730 1738 pedibus
763 1663 947 1721 observamur

153 1769 242 1816 status
255 1768 283 1817 et
304 1759 439 1816 incessus.
481 1757 596 1816 Prolrto
616 1759 716 1815 dextro
735 1769 820 1830 sture,
834 1769 865 1817 et
884 1779 947 1818 esn-

153 1854 218 1912 dem
244 1873 359 1912 manum
388 1873 421 1912 ao
447 1854 548 1930 pedem
581 1855 716 1930 proferre,
743 1853 871 1913 deforme
896 1865 946 1914 est

153 1951 219 2010 125.
246 1950 281 2008 In
302 1951 430 2008 dextrum
451 1949 617 2008 incumbere
644 1951 758 2008 interim
783 1951 878 2024 detur,
897 1952 947 2010 sed

153 2067 234 2125 aequo
252 2058 385 2124 pectore:
406 2046 455 2121 qui
475 2056 570 2104 tamen
591 2047 720 2104 comicus
739 2047 841 2124 magis,
863 2065 946 2123 quam

152 2146 291 2203 oratorius
317 2154 414 2220 gestus
440 2153 490 2200 est.
533 2141 611 2200 Male
637 2143 724 2200 etism
750 2143 781 2200 in
801 2144 946 2202 sinistrum
984 2146 985 2241 l

151 2243 252 2321 pedem
286 2240 475 2298 insistentium
507 2239 606 2296 dexter
640 2249 689 2296 unt
723 2240 871 2312 attollitur,
900 2251 947 2300 ant
984 2244 985 2267 ¹

152 2336 281 2394 summis
303 2335 400 2412 digitis
440 2335 630 2411 suspenditur.
685 2335 823 2393 Varioare
863 2355 946 2413 supra
984 2348 985 2403 t

152 2432 278 2504 modum,
293 2443 322 2490 et
342 2432 372 2490 in
392 2432 493 2490 stando
513 2431 640 2488 deforme
659 2441 713 2503 est,
734 2441 772 2502 et,
789 2433 946 2492 accedente

152 2539 241 2601 motu,
261 2547 348 2606 prope
375 2530 541 2586 obscenum.
585 2528 649 2585 126.
670 2527 825 2585 Pronursio
844 2547 947 2606 oppor-
984 2530 985 2589 l

152 2634 221 2682 tune
234 2626 336 2698 brevis,
347 2624 502 2696 moderata,
513 2643 584 2681 rara.
619 2624 876 2683 Convenietetiam
891 2646 947 2685 am-
984 2610 985 2655 ἶ

150 2721 260 2778 bulatio
280 2722 418 2798 quiedam,
432 2731 546 2796 propter
568 2719 736 2778 immodicas
748 2721 948 2781 laudationum

984 2879 986 2912 l

152 2836 263 2876 moras:
285 2835 445 2892 quanquam
458 2815 562 2872 Cicero
575 2836 673 2874 rarum
692 2818 838 2890 incessum,
852 2839 948 2896 neque

152 2914 191 2974 ita
217 2916 336 2991 longum
362 2913 469 2987 probat.
512 2911 683 2971 Discursare
709 2931 787 2986 vero,
808 2925 847 2987 et,
871 2917 949 2992 qnod

152 3011 296 3070 Domitius
322 3008 393 3066 Aser
420 3007 456 3066 de
476 3007 551 3067 Sura
570 3007 673 3066 Mallio
699 3009 781 3082 dixit,
801 3020 950 3089 satagere,
