1984 3342
232 268 314 319 msa.
334 267 472 318 oraton.
491 269 553 318 ras.
572 271 604 318 x.
625 272 645 317 r.
797 259 839 320 00

43 419 137 480 Habet
171 430 321 492 amatores,
348 439 404 480 nec
437 420 613 493 imitatorem
646 431 679 478 ut
711 417 837 491 libertas,

42 536 202 594 quanquam
224 517 404 576 circumcisis
423 538 486 594 quae
507 519 634 590 dixisset,
649 517 677 576 ei
696 517 837 578 nocuerit.

41 614 98 672 Sed
118 615 224 673 elatum
245 615 359 674 abunde
378 615 520 692 spiritum,
533 626 564 675 et
583 614 708 676 audaces
726 625 840 674 senten·

41 711 93 770 tias
107 711 303 788 deprehendas
317 712 403 772 etism
419 712 448 770 in
457 712 507 785 iis,
519 731 582 788 quae
596 721 722 771 manent.
763 712 839 770 Sunt

42 820 69 866 et
89 808 138 866 alii
159 809 312 885 scriptores
332 809 417 868 boni:
439 810 489 868 sed
510 829 563 868 nos
582 828 690 888 genera
708 808 840 886 degusta·

42 925 113 979 mus,
128 925 187 964 non
202 907 391 966 bibliothecas
405 906 575 968 excutimus.

81 1003 145 1062 105.
179 1003 317 1062 Oratores
332 1022 399 1065 vero
412 1003 455 1062 uel
470 1005 616 1081 precipue
629 1003 762 1064 Latinam
782 1003 840 1062 elo·

1 1158 2 1167 ,
41 1101 186 1177 quantiam
212 1119 310 1178 parem
338 1101 433 1160 fucere
459 1101 570 1160 Graecae
593 1102 712 1178 possint.
761 1099 840 1159 Nam

43 1197 201 1256 &cuonem
216 1198 381 1274 cuicunque
394 1217 494 1259 eorum
515 1198 627 1259 sortiter
647 1199 839 1275 apposuerim.

41 1293 106 1354 Nec
132 1295 242 1372 ignoro,
271 1307 406 1370 quantam
432 1295 504 1354 mihi
532 1295 677 1352 concitem
702 1312 841 1370 pugnam,

41 1411 107 1450 oum
121 1392 278 1469 presertim
292 1412 351 1450 non
371 1393 409 1450 sit
429 1392 458 1450 id
478 1391 627 1469 propositi,
641 1401 674 1448 nt
693 1408 761 1448 eum
781 1390 842 1448 De-

41 1491 175 1550 mostheni
194 1509 358 1566 comparem
385 1490 442 1548 hoc
469 1493 614 1566 tempore:
643 1507 737 1563 neque
763 1487 842 1546 enim

43 1589 152 1656 attinet,
174 1606 242 1646 cum
269 1587 495 1648 Demosthenem
516 1587 657 1663 imprimis
677 1585 841 1664 legendum,

42 1685 84 1743 ael
111 1684 300 1746 ediscendum
326 1685 422 1760 potius
449 1695 556 1760 putem.
610 1685 675 1743 106.
706 1683 842 1745 Quorum

42 1801 96 1859 ego
109 1783 227 1840 virtutes
240 1781 389 1858 plerasque
405 1781 525 1839 arbitror
546 1782 664 1855 similes,
679 1782 842 1853 consilium,

41 1879 171 1940 ordinem
198 1879 354 1950 dividendi,
381 1879 569 1956 praeparandi,
593 1879 732 1956 probandi
759 1879 844 1936 ratio·

40 1995 115 2049 nem,
144 1977 278 2052 denique,
307 1995 370 2052 quae
404 1987 470 2034 sunt
503 1977 683 2034 inventionis.
725 1976 760 2033 In
786 1976 844 2034 elo-

39 2074 156 2148 quendo
182 2084 225 2134 est
252 2074 347 2150 aliqua
374 2073 538 2132 diversitas:
567 2073 681 2131 densior
709 2073 767 2144 ille,
794 2073 843 2130 hic

39 2171 183 2246 copiosior
195 2191 202 2241 ;
235 2171 282 2230 ille
310 2170 458 2229 concludit
486 2171 640 2242 astrictius,
668 2169 716 2226 hic
738 2169 841 2239 latius3

36 2279 150 2345 pugnat
161 2269 209 2326 ille
224 2268 357 2326 acumine
371 2287 491 2344 semper,
502 2267 551 2325 hic
565 2269 726 2342 frequenter
736 2275 766 2324 et
774 2285 844 2342 pon-

38 2364 128 2436 dere;
151 2365 192 2423 illi
213 2365 283 2422 nihil
305 2366 415 2423 detrahi
436 2375 539 2441 potest,
554 2365 623 2421 huic
643 2363 715 2422 nihil
737 2364 842 2440 adjici;

38 2480 118 2520 curae
139 2463 204 2538 plns
225 2462 254 2520 in
276 2463 334 2534 illo,
351 2463 380 2520 in
401 2463 458 2520 hoc
478 2473 596 2520 natnrae.
639 2464 706 2521 107.
728 2463 843 2520 Salibns

38 2569 130 2632 certe,
145 2569 174 2616 et
188 2561 447 2632 commiseratione,
459 2560 508 2635 qui
522 2560 581 2617 duo
593 2559 748 2636 plurimum
761 2561 845 2619 affec·

35 2665 88 2714 tus
115 2656 220 2728 valent,
241 2657 410 2716 vincimus.v
433 2657 471 2714 Et
499 2658 618 2715 sortasse
645 2657 774 2734 epilogos
801 2658 844 2716 illi

35 2773 104 2812 mos
125 2755 249 2812 civitatis
271 2755 435 2814 abstulerit:
463 2756 514 2814 sed
541 2766 570 2814 et
596 2757 680 2814 nobis
700 2756 759 2827 illa,
780 2775 844 2830 quae

36 2851 136 2909 Attici
163 2852 312 2926 mirantur,
341 2851 452 2910 diversa
478 2853 576 2911 Latini
603 2853 743 2911 sermonis
770 2853 843 2908 ratio

34 2949 138 3009 minus
150 2937 335 3028 permiserit.l
361 2951 397 3010 In
407 2952 534 3028 epistolis
545 2951 671 3026 quidem,
680 2965 843 3023 quanquam

31 3059 109 3108 sunt
122 3049 283 3126 utriusque,
297 3048 464 3126 dialogicae,
479 3047 585 3123 quihus
597 3045 669 3102 nihil
690 3043 749 3112 ille,
763 3039 843 3096 nulla
