1984 3342
222 242 305 292 rnen.
325 243 462 290 cernon.
483 242 546 290 nm.
565 243 597 290 x.
618 243 638 289 1.
789 234 830 296 dd

32 393 79 454 red
105 393 277 470 eloquentiae
305 393 450 452 habeatur.
492 392 582 453 Hunc
608 393 696 472 igitur
721 403 832 470 specte·

31 510 106 550 mus:
136 492 193 549 hoc
212 492 389 567 propositum
409 491 493 549 nobis
513 491 551 548 sit
576 492 754 567 exemplum:
783 491 831 550 illc

31 607 59 645 se
85 589 243 665 profecisse
270 589 352 660 sciat,
380 589 428 646 cui
456 587 561 646 Cicero
588 588 670 646 valde
696 589 830 664 placebit

32 686 95 744 113.
118 685 214 742 Multa
234 685 263 744 in
283 685 389 743 Asinio
408 686 541 744 Pollione
561 686 699 756 inventio,
719 705 832 744 camma

31 782 191 860 diligentia,
206 783 277 840 adeo
291 792 323 840 ut
336 777 508 857 quibasdam
518 782 607 840 etiarn
626 783 718 840 nimia
737 783 833 841 videa·

31 889 94 938 tur:
116 889 145 938 et
160 880 273 938 consilii
286 890 315 937 et
329 879 416 936 animi
431 879 517 936 satis:
540 899 557 936 a
570 880 663 936 nitore
682 889 712 936 et
728 880 832 956 jncun-

31 977 119 1035 ditate
134 977 284 1035 Ciceronis
305 977 345 1034 ita
365 977 451 1054 longe
473 978 563 1049 abest,
577 987 610 1034 ut
630 978 721 1036 rideri
740 978 831 1054 poerit

29 1063 130 1132 ceculo'
156 1075 242 1151 prior.
284 1075 325 1132 At
345 1075 474 1134 Messala
500 1075 609 1133 nitidus
629 1085 659 1134 et
679 1064 842 1148 candidus,

30 1182 57 1228 et
71 1172 285 1248 quodammodo
299 1172 452 1248 praeferens
468 1173 499 1230 in
513 1173 639 1231 dicendo
651 1173 831 1231 nobilitatem

28 1288 129 1339 suam3
158 1269 266 1327 viribus
294 1270 395 1326 minor.
439 1269 504 1327 114.
527 1268 560 1326 0.
589 1287 658 1327 vcro
680 1269 780 1328 Orator
806 1269 832 1328 ci

29 1367 92 1426 soro
106 1377 219 1426 tanturn
233 1377 372 1438 vacasset,
387 1386 446 1425 uon
461 1367 534 1424 alius
548 1385 584 1424 ex
604 1367 709 1424 nocuis
730 1377 833 1426 contra

28 1465 203 1524 Ciceronem
217 1465 429 1523 nominaretur:
458 1475 539 1523 tanta
562 1463 593 1521 in
617 1482 653 1522 eo
673 1463 716 1521 vis
734 1474 788 1536 eet,
801 1464 833 1549 id

29 1579 164 1634 acumen,
186 1579 220 1620 ea
247 1561 415 1634 concitatio,
437 1571 469 1620 ut
496 1561 579 1618 illum
605 1561 709 1620 codem
736 1562 833 1620 animo

27 1658 145 1732 dixisse,
167 1677 224 1735 quo
250 1658 376 1731 bellavit,
398 1668 539 1736 appareat
580 1658 710 1718 Exoroat
734 1668 832 1720 tamen

27 1755 91 1814 haec
104 1757 203 1815 omnia
216 1755 289 1814 mira
302 1755 451 1828 sermonis,
464 1756 547 1832 cujus
558 1758 674 1834 proprie
686 1756 833 1816 etudioeuc

26 1854 92 1928 fuit,
113 1854 266 1932 elegantia
309 1856 373 1912 115.
395 1853 523 1911 Multum
549 1854 659 1932 ingenii
679 1855 710 1913 in
732 1854 832 1927 Uelio,

26 1965 55 2012 ct
78 1954 226 2032 praecipue
246 1953 276 2012 in
298 1953 461 2012 accusando
481 1954 572 2012 multa
592 1955 748 2025 urbanitas,
769 1954 832 2032 dig·

25 2070 140 2127 nusque
160 2051 214 2123 vir,
236 2050 285 2108 cui
306 2061 336 2110 et
358 2069 439 2108 mens
459 2050 571 2122 melior,
592 2050 698 2108 etrite
717 2050 831 2127 longior

25 2149 205 2226 contigisset.
247 2147 348 2207 Inveni
363 2148 412 2223 qui
425 2148 546 2207 Calvum
559 2147 725 2222 preferrent
737 2146 831 2204 omni·

25 2245 93 2316 bna,
114 2244 212 2304 inveni
240 2245 289 2320 qui
311 2244 448 2303 Ciceroni
470 2245 630 2316 crederent,
652 2261 719 2301 cum
739 2243 831 2302 nimia

25 2353 130 2400 contra
143 2361 175 2400 se
189 2341 334 2400 calumnia
354 2361 452 2400 verum
473 2341 643 2419 sanguinem
662 2340 833 2417 perdidisse:

24 2440 80 2496 sed
104 2449 147 2498 est
173 2447 202 2496 et
215 2449 315 2498 sancta
328 2450 357 2496 et
366 2439 461 2516 gravis
474 2439 578 2512 oratio,
587 2423 621 2496 ⁴et
634 2438 787 2511 custodita,
801 2449 832 2497 et

24 2535 192 2610 frequenter
220 2536 372 2594 vehemens
399 2555 522 2611 quoque.
577 2534 707 2594 imitator
736 2545 831 2594 autem

21 2641 70 2690 est
84 2631 262 2704 Atticorum,
276 2633 400 2710 lecitque
415 2633 456 2690 illi
470 2645 622 2709 properata
635 2652 713 2691 more
732 2632 831 2709 injuri-

23 2747 86 2801 am,
99 2729 123 2786 ci
138 2729 206 2804 quid
223 2728 387 2806 adjecturus
400 2730 466 2802 sibi,
480 2749 539 2788 non
552 2731 578 2788 ci
598 2731 667 2806 quid
688 2730 831 2788 detractu·

19 2846 77 2884 rus
107 2827 169 2886 suit.
214 2827 277 2886 116.
300 2827 338 2885 Et
364 2827 481 2886 Servius
510 2827 657 2904 Sulpriciur
686 2827 830 2903 insignem

20 2943 87 2981 non
111 2923 255 2982 immerito
281 2924 386 2982 famam
406 2925 496 2982 tribua
517 2925 695 2982 orationibus
714 2921 828 2980 meruit.

17 3021 132 3096 Multa,
153 3026 181 3083 ei
206 3041 273 3084 cum
297 3022 408 3100 judicio
427 3022 550 3100 legatur,
569 3020 650 3079 dabit
669 3015 828 3078 imitatione
