1984 3342
218 261 299 310 [NST.
319 261 463 310 omen
475 261 538 311 ΜΒ.
555 263 588 310 X.
605 263 628 310 8.
780 255 823 316 47

34 411 168 488 judicium
182 430 265 470 suum
286 431 353 472 cum
374 413 452 472 illius
471 412 642 472 auctoritate
661 413 819 490 conjunxit.

31 511 53 566 2.
76 510 263 568 Scribendum
278 529 347 587 ergo
360 529 444 584 quam
454 510 682 587 diligentissime,
692 522 722 568 et
734 529 821 586 quam

31 605 185 680 plurimum.
226 605 256 664 N
259 625 304 665 am
317 617 347 664 ut
357 623 432 664 terra
444 607 528 664 altius
537 607 639 666 effossa
650 608 822 683 generandis

32 701 189 776 alendisque
203 702 360 760 seminibus
380 703 530 760 fecundior
543 703 591 760 fit:
612 703 656 760 sic
675 703 821 780 profectus

31 817 83 854 uon
99 817 116 855 a
128 817 240 854 summo
253 799 369 874 petitus,
384 799 544 856 studiorum
559 799 670 858 fructus
683 812 712 857 et
726 800 822 858 fundit

31 895 150 966 uberius,
176 904 206 952 et
231 895 344 952 fidelius
370 897 507 954 continet
560 895 648 968 Nam,
674 897 738 954 sine
764 897 821 955 linc

29 991 139 1064 quidem
154 991 342 1063 conscientia,
355 991 418 1068 ipsa
431 992 480 1050 illa
500 1011 537 1050 ex
555 1003 683 1068 tempore
702 993 820 1052 dicendi

29 1087 144 1144 facultas
158 1087 271 1146 inanem
287 1087 372 1146 modo
379 1088 581 1164 loquacitatem
590 1090 679 1158 dabit,
690 1102 720 1148 et
733 1091 820 1148 serbe

10 1183 56 1240 rin
75 1183 161 1240 labris
180 1184 335 1242 nascentia.
376 1185 403 1242 3.
424 1184 489 1242 Illic
504 1185 625 1257 radices,
640 1186 700 1244 illic
720 1186 821 1244 sunda·

28 1291 121 1338 menta
146 1291 227 1337 sunt:
256 1281 315 1338 illic
335 1299 404 1356 opes
423 1281 502 1338 velut
526 1282 670 1340 sanctiore
695 1282 819 1357 quodam

28 1376 124 1433 aerario
143 1376 307 1448 reconditae,
321 1377 398 1434 uude
419 1377 454 1434 ad
474 1377 586 1434 subitos
598 1395 711 1452 quoque
724 1396 819 1450 cesus,

28 1491 90 1529 cum
104 1491 150 1530 res
164 1472 268 1550 exiget,
276 1473 463 1548 proferantur.
506 1473 591 1532 Vires
601 1474 740 1532 suciamus
753 1485 820 1534 aute

28 1568 206 1644 omniaque
226 1569 369 1627 sufficiant
390 1569 480 1627 labori
501 1570 701 1638 certaminum,
715 1580 745 1630 et
764 1589 819 1630 usn

27 1684 82 1722 non
109 1665 319 1724 exhauriantur.
367 1666 395 1724 4.
421 1665 504 1724 Nihil
531 1667 608 1724 enim
636 1686 731 1726 rerum
758 1668 820 1744 ipsa

27 1774 124 1820 natura
145 1763 232 1820 voluit
253 1781 388 1839 magnum
409 1763 506 1840 effingi
526 1764 594 1831 cito,
609 1765 820 1841 preposuitque

26 1857 216 1930 pulcherrimo
229 1856 333 1932 cuique
347 1857 426 1932 operi
445 1857 642 1916 difficultatem
650 1879 658 1928 ;
680 1878 743 1934 quae
756 1879 821 1918 nas·

28 1953 108 2010 cendi
142 1970 255 2028 quoque
288 1952 364 2010 hanc
392 1954 493 2012 lecerit
519 1954 625 2031 legem,
652 1965 685 2012 ut
711 1956 821 2033 majore

28 2049 159 2106 animalia
194 2049 302 2108 diutius
334 2049 493 2108 visceribus
532 2050 659 2127 parentis
692 2052 821 2110 contine·

26 2156 129 2203 rentur.

60 2242 120 2299 Sed
143 2261 210 2298 cum
229 2241 266 2299 sit
286 2241 390 2318 duplex
409 2242 539 2318 quaestio,
553 2242 696 2319 ᾳιιιιιιᾱο,
708 2252 737 2302 et
756 2259 820 2320 quo

26 2338 147 2395 maxime
160 2338 248 2396 scribi
262 2348 398 2415 oporteat,
410 2338 469 2414 jam
483 2339 551 2395 hinc
565 2338 695 2396 ordinem
707 2357 819 2413 sequar.

25 2434 49 2490 5.
75 2434 122 2491 Sit
149 2434 242 2510 primo
268 2435 311 2493 vel
339 2435 446 2506 tardus,
470 2434 539 2492 dum
566 2435 699 2513 diligens,
722 2436 818 2496 stilus:

26 2548 184 2602 queramus
205 2531 322 2606 optima,
343 2550 399 2589 nec
418 2532 548 2608 protinus
576 2532 762 2592 offerentibus
789 2553 821 2592 se

26 2626 217 2698 gaudeamus:
253 2627 419 2686 adhibeatur
443 2627 586 2703 judicium
612 2628 745 2701 inventis,
765 2629 823 2688 dis-

25 2723 126 2794 positio
140 2723 275 2800 probatis.
317 2723 454 2782 Delectus
464 2725 645 2784 enimrerum
659 2728 823 2786 verborum·

26 2835 76 2890 que
99 2820 232 2898 agendus
257 2830 310 2892 est,
324 2831 353 2878 et
372 2821 500 2896 pondera
520 2823 696 2898 singulorum
717 2822 823 2880 exami-

25 2917 125 2976 nanda.
162 2916 231 2975 Post
242 2918 422 2975 subeatratio
435 2917 606 2989 collocandi,
617 2928 822 2988 versenturque

25 3012 204 3074 omnimodo
216 3012 346 3071 numeri:
367 3032 436 3086 non,
451 3012 629 3090 utrqucdque
646 3029 679 3069 se
697 3009 822 3084 proferet
