1984 3342
144 239 181 299 14
220 203 224 210 ¹
363 245 399 292 nr.
416 244 486 292 nnn.
506 217 712 301 ouiumnmr'u

142 415 242 456 eorum
255 395 417 474 tegentibus
430 396 555 472 plaeere,
569 413 656 472 quum
669 393 761 452 multa
777 391 939 470 displicere,

142 494 300 553 maluerim.

180 593 227 649 27.
255 591 414 649 Plurimum
425 590 496 648 dicit
506 599 611 648 oratori
621 589 752 647 conferre
760 588 942 664 Theophras·

141 699 187 746 tus
200 688 354 746 lectionem
368 693 537 765 poetarum:
558 686 698 762 multique
717 686 780 762 ejus
797 686 939 762 judicium

142 795 315 859 sequuntur:
346 805 441 860 neque
470 784 622 842 immerito.
669 782 804 858 Namque
832 783 867 839 ab
895 783 940 839 his

142 881 172 939 in
199 883 284 938 rebus
311 881 436 957 spiritus,
457 891 486 939 et
507 881 537 938 in
556 880 651 938 verbis
670 879 839 951 sublimitas,
859 889 889 936 et
910 879 940 935 in

142 978 291 1036 affectibus
305 988 399 1036 motus
413 979 517 1049 omnis,
532 978 605 1036 etin
617 977 748 1054 personis
760 977 848 1034 deoor
868 977 939 1052 peti·

141 1083 197 1146 tur,
224 1076 424 1150 precipueque
451 1075 529 1132 volut
555 1074 651 1132 attrita
677 1073 844 1149 quotidiano
872 1084 938 1130 netu

141 1171 247 1228 forensi
272 1172 396 1249 ingenia,
420 1172 527 1248 optime
550 1189 647 1228 rerum
673 1171 773 1228 talium
799 1170 940 1228 blanditia

141 1278 316 1344 reparantur.
358 1267 486 1344 Ideoque
520 1267 551 1325 in
584 1267 640 1325 huo
672 1267 798 1324 lectione
831 1266 939 1326 Cieero

141 1366 378 1441 requiescendum
392 1377 480 1443 putat.
521 1365 569 1424 28.
591 1363 810 1423 Meminerimus
830 1372 938 1439 tamen,

140 1480 198 1518 non
225 1481 275 1537 per
303 1462 399 1520 omnia
425 1466 527 1537 poetas
549 1478 612 1518 eme
635 1459 741 1518 oratori
765 1461 938 1534 sequendos,

139 1575 195 1615 neo
215 1557 346 1614 libertate
365 1558 527 1628 verborum,
548 1574 604 1614 nee
628 1555 747 1614 lieentia
765 1555 938 1633 figurarum

140 1670 231 1730 genus
245 1653 428 1711 ostentationi
443 1662 648 1728 comparatum,
658 1663 688 1710 et
699 1663 801 1730 preter
812 1652 851 1724 id,
860 1653 939 1728 quod

140 1747 229 1806 solam
243 1748 314 1824 petit
327 1749 511 1825 voluptatem,
522 1758 551 1806 et
561 1767 634 1819 eum,
645 1749 780 1826 fingendo
793 1767 852 1806 non
867 1748 939 1808 falsu

140 1844 237 1915 modo,
258 1844 308 1902 sed
332 1845 418 1903 etiam
438 1845 567 1921 quedam
590 1844 779 1917 incredibilia,
800 1855 937 1918 rectatur,

139 1941 299 2017 patrocinio
313 1960 426 2018 quoque
441 1941 536 2017 aliquo
547 1942 654 2018 juvari:
686 1943 734 2000 29.
749 1943 824 2018 quod
840 1943 939 2020 nilige-

140 2048 170 2096 te
183 2038 218 2095 ad
232 2051 338 2096 certam
352 2039 457 2116 pedum
472 2039 672 2098 nenessitatem
684 2058 743 2097 non
762 2058 873 2114 semper
893 2041 937 2098 uti
988 2106 989 2111 ἵ

139 2136 260 2213 propriis
274 2137 372 2212 possit,
388 2137 438 2194 sed
459 2137 576 2212 depulsa
596 2146 675 2194 reeta
695 2137 751 2208 via,
771 2137 937 2196 neeessario

140 2233 175 2291 nd
190 2234 341 2310 eloquendi
356 2234 486 2310 quaedam
500 2234 675 2292 deverticula
695 2233 858 2310 confugiat:
880 2253 939 2293 neo

139 2340 249 2389 mutare
265 2332 395 2407 qnaedarn
415 2331 499 2388 modo
517 2332 612 2403 verba,
627 2332 678 2388 sed
697 2330 859 2402 extendere,
874 2350 938 2390 eor-

140 2427 242 2503 ripere,
271 2439 446 2500 convertere,
475 2428 603 2485 dividere
629 2437 767 2506 cogatur:
794 2445 847 2484 nos
866 2448 937 2487 vero

101 2505 104 2512 ¹
142 2534 263 2581 armatos
297 2535 371 2582 stare
404 2525 435 2582 in
470 2525 541 2596 acie,
571 2536 600 2582 et
633 2524 752 2582 summis
781 2525 818 2582 de
848 2525 937 2585 rebus

140 2620 304 2692 decernere,
319 2631 348 2679 et
362 2621 397 2678 ad
410 2621 559 2678 victoriam
581 2621 654 2692 niti.¹
685 2622 732 2679 30.
753 2621 858 2696 Neque
878 2641 938 2700 ego

141 2736 217 2776 arma
227 2717 354 2793 squalere
368 2717 424 2775 situ
436 2736 470 2775 ro
481 2717 612 2795 rubigine
626 2718 720 2789 velim,
729 2718 780 2776 sed
793 2719 938 2796 fulgorem
988 2712 989 2729 ¹

140 2813 243 2886 inesse,
254 2814 303 2889 qui
317 2823 430 2884 terreat,
442 2814 533 2889 qualis
546 2829 589 2872 est
603 2815 679 2886 ferri,
689 2833 744 2889 quo
754 2833 835 2872 mens
848 2816 937 2876 simul

146 2911 274 2987 risusque
294 2910 518 2988 praestringitur:
542 2930 601 2968 non
616 2912 708 2986 quulis
730 2912 791 2969 euri
812 2915 938 2989 urgenti·

170 3029 206 3083 re,
221 3008 353 3084 inbellis,
368 3018 397 3068 et
409 3007 505 3085 potius
524 3008 640 3069 habenti
653 3008 840 3085 periculosus.
988 2999 990 3002 ’
