1984 3342
255 233 670 286 inss.onssos.t1s.x.s
822 229 864 288 st)
895 243 898 249 ·

60 384 115 444 cio.
157 381 234 444 Nem
255 384 280 444 si
302 385 395 462 eliqua
415 387 623 460 contemsisset,
637 387 663 446 si
682 407 783 465 perum
802 405 861 447 non

58 481 253 556 concupisset,
269 482 293 540 si
313 501 372 541 non
392 484 555 542 omnissue
576 494 706 556 amasset,
720 484 744 542 si
765 503 859 542 rerum

58 579 188 653 pondera
214 579 412 638 minutissimis
445 580 595 638 sententiis
626 599 686 638 non
712 581 858 658 fregisset:

59 692 204 732 consensu
236 676 332 751 potius
364 675 552 748 eruditorum,
586 695 671 752 quom
704 696 858 753 puerorum

59 789 157 828 rmore
177 772 427 847 comprobaretur:
461 773 525 830 131.
547 773 657 831 Verum
676 773 719 830 sic
745 792 858 850 qnoque

59 865 121 942 jam
147 867 281 938 robustis,
302 878 331 924 et
357 867 498 926 severiore
522 886 628 945 genere
650 869 719 926 sotis
738 869 857 928 firmetis

56 957 207 1039 tegendos,
221 964 265 1021 rel
280 963 355 1036 ideo,
370 965 446 1039 qnod
461 982 595 1022 exercere
608 975 702 1040 potest
721 966 855 1042 utrinque

59 1059 212 1135 judicium.
255 1059 349 1118 Mults
362 1062 449 1132 enirn,
463 1072 495 1120 ut
509 1062 578 1132 dixi,
593 1062 739 1137 probanda
759 1063 789 1119 in
809 1081 854 1135 eo,

56 1155 147 1213 mults
159 1155 246 1212 etism
262 1156 427 1214 admiranda
441 1168 507 1214 sunt
519 1178 536 1214 :x
547 1157 653 1233 eligere
671 1157 757 1214 modo
777 1177 854 1216 curse

53 1251 102 1323 sit,
118 1252 194 1326 quod
208 1252 318 1310 utinam
339 1253 400 1330 ipse
421 1253 545 1310 fecisset.
586 1251 683 1328 Digna
702 1253 780 1310 enim
801 1253 855 1312 fuis

56 1348 105 1406 ills
118 1358 231 1422 natura,
245 1369 309 1425 que
324 1350 442 1408 meliors
461 1350 556 1421 vellet,
570 1367 644 1424 quse,
658 1350 734 1424 qnod
755 1349 853 1422 soluit,

54 1446 161 1504 effecit.

93 1639 133 1699 11.
162 1641 207 1698 Ex
227 1643 271 1700 his
291 1642 451 1717 ceterisque
469 1641 597 1700 lectione
617 1641 712 1718 dignis
733 1639 854 1698 auotori-

53 1737 109 1796 bus
133 1748 162 1796 et
181 1740 331 1797 verborum
352 1739 491 1796 sumendo
511 1739 597 1815 copie
615 1749 659 1796 est
677 1748 707 1795 et
733 1738 853 1796 vsrietss

53 1833 220 1911 figurarum,
231 1846 260 1893 et
270 1835 461 1911 componendi
470 1836 558 1893 ratio:
573 1845 634 1892 tum
644 1835 678 1891 sd
692 1833 852 1910 exemplum

52 1929 190 1988 virtutum
211 1931 339 1988 omnium
360 1950 442 1988 mens
456 1930 614 2008 dirigendo„
656 1929 760 2003 Neque
773 1928 851 1986 enim

49 2027 177 2084 dubitari
191 2037 294 2102 potest,
308 2027 379 2102 quin
394 2028 461 2084 artis
473 2045 540 2103 pars
552 2045 658 2101 magna
671 2025 852 2082 contineatur

50 2123 218 2182 imminue.
258 2123 288 2181 N
291 2143 337 2181 am
352 2133 382 2181 ut
396 2123 524 2180 invenire
536 2122 660 2197 primum
674 2120 737 2190 suit,
752 2131 852 2194 estque

49 2220 245 2295 precipuum:
266 2221 308 2278 sic
323 2239 367 2292 es,
382 2239 444 2296 quae
458 2220 532 2276 bene
553 2219 668 2275 inventa
684 2227 763 2286 sunt,
778 2216 849 2274 utile

50 2316 141 2390 sequi.
181 2317 209 2374 2.
232 2317 327 2394 Atque
348 2316 442 2374 omnis
469 2316 533 2372 vitm
559 2315 632 2371 ratio
658 2313 701 2370 sic
727 2323 850 2382 constet,

49 2423 91 2484 nt,
114 2433 178 2488 quse
204 2415 358 2490 probamus
385 2414 414 2470 in
430 2413 502 2481 aliis,
523 2411 618 2469 facere
645 2409 699 2485 ipsi
720 2409 849 2468 velimus.

49 2510 101 2568 Sic
114 2512 272 2568 litterarum
287 2512 400 2576 ductus,
415 2525 446 2567 ut
461 2507 605 2566 scribendi
619 2507 668 2565 fist
677 2526 755 2578 risus,
768 2507 851 2582 pueri

49 2619 224 2685 sequuntur:
243 2609 288 2666 sio
302 2607 404 2666 musici
419 2625 520 2663 vocem
530 2604 709 2674 docentium,
724 2603 850 2678 pictores

49 2727 136 2783 opere
149 2707 286 2782 priorum,
301 2704 400 2762 rustici
414 2704 561 2779 probatem
573 2701 771 2776 experimento
791 2701 850 2757 cul-

49 2815 142 2860 tnrem
170 2803 198 2860 in
220 2801 381 2877 exemplum
403 2801 573 2856 intuentur:
598 2797 703 2854 Omnis
724 2796 848 2870 denique

48 2899 208 2975 disciplinae
223 2898 305 2955 initia
325 2897 359 2955 ed
379 2895 556 2972 propositum
576 2893 632 2950 sibi
651 2891 848 2967 praescriptum

47 2996 164 3056 formari
178 2995 314 3054 ridemus.
356 2994 382 3052 3.
404 2992 443 3050 Et
463 2989 581 3048 hercule
602 3003 719 3044 necesse
732 2994 784 3053 est,
800 2992 848 3038 aut
