1984 3342
158 214 215 280 ιιι
377 230 413 278 ιι.
432 229 502 276 rsa.
522 224 728 286 mmmmm

159 387 237 438 stans
262 377 380 450 diceret,
400 375 482 436 hasta
501 377 622 437 hmo
641 375 806 453 dependens
824 375 952 436 immine

156 484 214 532 ret:
228 483 260 531 ut
272 474 297 531 si
311 473 405 532 calore
417 473 533 532 dicendi
547 473 636 532 vitare
648 474 677 530 id
690 473 856 544 excidisset,
870 474 952 532 offen·

157 569 267 628 satione
294 569 343 626 illa
368 580 604 628 commoneretur.
649 568 853 626 Ambulantem
873 568 951 644 loqui

157 665 197 724 ita
210 665 324 723 demum
344 675 465 741 oportet,
478 666 504 722 si
524 666 554 723 in
574 665 669 722 causis
686 665 823 740 publicis,
840 665 873 722 in
893 664 951 740 qui·

156 762 210 818 bur
230 760 311 818 multi
332 771 398 818 suat
414 760 536 837 judices,
550 761 627 836 qaod
646 760 780 831 dicimus,
794 761 878 834 quasi
897 760 950 818 sin·
984 786 985 789 ¹

156 857 231 933 gulis
251 856 397 915 inculcare
415 856 598 932 peculiariter
617 857 745 914 velimus
788 857 856 914 131.
877 855 949 914 Iliad

156 970 223 1010 vero
255 971 313 1011 non
347 953 505 1024 serendam,
531 953 609 1027 quod
635 952 761 1027 quidam,
786 952 898 1028 rejects
922 952 948 1008 in

155 1047 305 1108 humerum
330 1060 407 1127 toga,
434 1067 501 1106 cum
534 1048 633 1106 dextra
663 1047 759 1106 sinum
792 1066 885 1123 usque
898 1045 948 1104 'ad

155 1145 267 1204 lumbos
300 1146 481 1210 reduxerunt,
515 1144 632 1202 sinistra
667 1153 780 1221 gestam
812 1144 948 1202 facientes

155 1243 311 1318 spatiantur
337 1253 366 1300 st
394 1241 571 1300 fabulantur:
600 1257 667 1297 cum
687 1239 773 1298 etiarn
792 1240 947 1298 lassamrc·

155 1340 294 1418 stringere
319 1339 429 1414 prolata
460 1337 576 1414 lougius
608 1337 708 1394 dextra
739 1335 778 1393 sit
810 1336 947 1394 odiosum.

155 1435 239 1496 Unde
253 1455 380 1509 moneor,
394 1447 425 1494 ut
439 1455 476 1494 ne
488 1436 519 1493 id
532 1435 647 1510 quidem
668 1446 820 1506 transeam,
836 1435 948 1511 ineptis
986 1498 987 1505 χ

154 1532 228 1590 aime
247 1533 318 1603 lieri,
339 1551 405 1590 cum
426 1532 499 1590 inter
519 1549 613 1588 moras
632 1530 830 1588 laudationum
851 1531 947 1588 autin

156 1645 253 1686 aurem
288 1628 406 1704 alicujus
437 1629 602 1702 loquuntur,
629 1637 678 1684 ant
705 1644 771 1684 cnm
804 1627 948 1686 sodalibnr
987 1664 988 1671 ι

157 1723 299 1798 jocantur,
332 1733 379 1780 aut
411 1740 615 1798 nonnunquam
650 1723 686 1780 ad
717 1722 852 1780 librarios
883 1741 948 1782 suos
987 1744 988 1761 ι

154 1818 195 1876 ita
220 1819 386 1893 respiciunt,
414 1828 445 1874 ut
472 1819 627 1892 sportulam
653 1818 762 1876 dictare
788 1819 947 1881 rideantur·
987 1798 988 1861 l

156 1915 219 1974 132.
241 1913 378 1972 Inclinari
393 1914 428 1970 ad
440 1914 576 1990 judicem,
590 1933 657 1972 curn
678 1915 792 1986 doceas,
806 1915 907 1991 utique
924 1915 948 1972 si

153 2010 194 2077 id,
209 2011 316 2084 dequo
335 2010 468 2084 loquaris,
483 2010 521 2067 sit
540 2009 701 2081 obscurius,
713 2010 791 2068 licet
832 2010 947 2070 Incnm

155 2108 222 2166 bere
243 2108 379 2165 advocato
400 2106 526 2164 adversis
541 2107 687 2164 subselliis
706 2107 829 2178 sedenti,
850 2118 947 2166 contu·

153 2205 310 2262 mellosum.
352 2202 501 2260 Reclinsri
515 2202 600 2260 ctiam
622 2202 655 2259 ad
676 2221 752 2273 snos,
767 2213 797 2260 et
816 2204 946 2262 manibus

153 2298 296 2369 sustineri,
312 2299 367 2356 nisi
386 2299 471 2374 plane
488 2299 566 2374 justa
585 2298 761 2374 fatigatione,
776 2299 946 2370 delicatum,

153 2395 228 2452 sicut
266 2395 359 2469 palam
397 2396 518 2466 moneri,
553 2395 720 2465 excidentis,
755 2406 805 2453 aut
841 2396 946 2474 legere

155 2490 219 2547 133.
240 2489 374 2566 Namque
387 2492 417 2550 in
431 2492 476 2548 his
496 2492 629 2548 omnibus
648 2501 677 2548 et
697 2491 739 2548 ris
759 2491 810 2549 illa
829 2492 946 2553 dicendi

153 2585 280 2658 solvitur,
295 2597 323 2644 et
337 2589 465 2665 frigescit
479 2587 608 2658 affectus,
622 2597 651 2644 et
669 2587 757 2663 judex
776 2606 879 2662 parum
893 2590 948 2646 sibi

151 2684 279 2758 praestari
298 2684 463 2742 reverentie
484 2683 583 2740 credit
624 2682 764 2742 Transire
784 2684 815 2740 in
835 2684 949 2744 diversa

152 2779 294 2852 subsellia,
307 2799 407 2855 parum
426 2779 618 2838 verecundum
638 2789 689 2837 est
729 2779 808 2837 Nam
828 2790 857 2838 et
879 2782 949 2840 Cas-

151 2875 210 2934 sius
243 2877 365 2934 Severus
398 2874 506 2932 urbane
539 2875 672 2933 adversus
704 2875 761 2932 hoc
793 2876 949 2937 facientem

151 2964 400 3052 liness‘poposcit.
442 2970 480 3030 Et
500 2970 524 3028 si
546 2970 699 3046 aliquando
717 2972 866 3032 concitate
881 2975 950 3048 itur,
