1984 3342
133 161 175 228 ιιιι
357 170 393 222 ιι.
413 170 483 222 rra.
504 167 710 232 oumnnnur

134 323 263 397 redeant,
277 333 307 383 et
326 325 407 400 quasi
427 323 500 384 nihil
519 322 562 383 sss
581 323 619 383 sit
637 333 748 382 rectum
767 339 843 394 esse,
857 321 932 398 quod

134 421 258 497 primurn
273 431 324 493 est,
336 421 438 480 melitis
452 420 624 492 existiment,
635 419 773 496 quidquid
786 429 833 477 est
846 417 931 489 aliud,

136 517 222 593 idque
236 517 352 590 facient,
367 517 478 593 quoties
498 518 603 575 librum
623 517 653 574 in
673 534 777 574 manus
794 533 932 574 resumse-

135 623 211 686 runt,
232 614 340 672 similes
366 614 486 672 medicis
513 614 601 672 etiam
627 614 739 690 integra
758 612 929 670 secantibus

135 710 254 769 Accidit
274 712 379 786 itaque,
395 722 427 768 ut
446 711 618 768 cicatricosa
636 711 702 782 sint,
717 719 747 768 et
765 709 930 786 exsanguia,

135 817 164 866 et
191 825 260 866 cura
285 809 390 884 pejora.
438 809 467 866 t.
496 808 543 866 Sit
568 825 638 884 ergo
664 805 828 881 aliquando,
856 806 931 882 quod

134 903 257 980 placeat,
278 915 327 962 ιιιιι
347 915 424 963 certe
444 905 521 980 quod
541 905 680 962 sufficiat:
701 915 734 961 ιιι
752 921 825 978 opus
843 903 931 978 poliat

134 999 212 1072 lime,
227 1020 285 1059 non
299 1011 415 1060 exterat.
456 1000 611 1076 Temporis
631 1019 745 1075 quoque
764 1018 828 1057 esse
848 999 930 1057 debet

134 1098 244 1156 modus.
285 1097 363 1156 Nam
376 1098 453 1174 quod
467 1097 569 1156 Cinnae
584 1097 742 1172 Zmyrnam
761 1114 866 1153 novem
886 1116 931 1153 an·

134 1194 180 1254 nis
194 1196 357 1272 accepimus
371 1196 515 1271 scriptam,
524 1205 554 1252 et
563 1192 774 1270 Panegyricum
786 1192 930 1264 Isocratis,

134 1293 183 1368 qui
203 1294 379 1369 parcissime,
400 1293 502 1351 decern
523 1291 604 1350 annis
624 1290 725 1348 dicunt
745 1290 930 1362 elaboratum,

135 1391 325 1449 adoratorem
339 1390 409 1447 nihil
430 1389 572 1465 pertinet:
594 1388 676 1464 cujus
695 1387 808 1444 nullum
828 1387 929 1460 erit,si

134 1495 193 1544 tam
206 1485 319 1543 tardum
333 1484 427 1556 fuerit,
443 1484 590 1542 auxilium.

173 1678 209 1736 V.
236 1677 402 1736 Proximum
423 1689 475 1752 est,
496 1688 529 1737 ιιι
548 1679 689 1752 dicantus,
709 1699 772 1757 quo
786 1680 931 1756 precipue

134 1774 282 1833 scribenda
296 1775 360 1833 sint.
402 1775 469 1832 Hoc
483 1776 666 1834 exuberantis
679 1777 795 1851 quidem
810 1786 854 1834 est
868 1794 933 1852 ope·

134 1869 183 1942 ris,
204 1880 236 1928 ut
255 1871 439 1947 explicemus,
453 1891 517 1948 quae
531 1873 588 1929 sint
600 1873 743 1930 materies:
765 1890 829 1947 quse
841 1873 934 1948 prima
973 1904 975 1972 p

131 1977 184 2026 sut
197 1969 333 2040 secunda,
350 1978 398 2026 aut
412 1969 549 2045 deinceps
562 1968 711 2027 tractanda
724 1969 800 2026 sint:
820 1969 932 2027 numid
973 1976 974 2013 ι

134 2067 298 2124 factumest
317 2066 404 2124 etiam
423 2065 518 2142 primo
536 2065 620 2136 libro,
641 2084 699 2141 quo
717 2084 885 2142 puerorum,
905 2076 933 2124 et

133 2163 270 2236 secundo,
292 2181 349 2238 quo
368 2162 561 2220 robustiorum
581 2161 684 2219 studiis
703 2162 835 2221 ordinem
855 2162 933 2222 dedi-

128 2279 214 2319 mus:
242 2261 302 2332 sed,
322 2259 358 2317 de
385 2277 442 2335 quo
467 2277 547 2318 nunc
573 2259 676 2336 egitur,
698 2258 774 2317 uude
793 2260 880 2336 copia
899 2277 933 2316 ac

133 2357 256 2414 facilitas
274 2357 398 2414 maxime
417 2357 521 2414 veniat

171 2453 199 2511 2.
227 2452 348 2512 Vertere
372 2454 476 2512 Graeca
499 2453 529 2510 in
549 2453 685 2511 Latinum
704 2463 816 2512 veteres
841 2452 932 2512 nostri

133 2558 260 2608 oratores
273 2550 411 2626 optimum
428 2549 605 2626 judicabant.
645 2549 680 2608 Id
700 2569 732 2608 se
752 2551 785 2609 L.
807 2549 932 2608 Crassus
973 2590 974 2619 ι

133 2644 164 2704 in
177 2645 233 2702 illis
247 2645 398 2704 Ciceronis
411 2644 447 2704 de
460 2645 584 2704 Oratore
596 2646 678 2704 libris
690 2647 763 2704 dicit
776 2646 930 2704 factitasse

130 2740 167 2800 ·Id
180 2741 286 2799 Cicero
299 2760 351 2800 sus
364 2743 425 2818 ipse
444 2761 566 2818 persona
585 2743 813 2818 frequentissime
831 2743 932 2818 preci·
973 2764 975 2825 p

129 2838 193 2916 pit:
213 2838 283 2914 quin
297 2839 384 2897 etiam
396 2839 484 2898 libros
494 2836 624 2895 Platonis
634 2849 718 2914 atque
728 2839 932 2915 Xenophontis
973 2834 975 2895 Ι

136 2934 223 2998 uidit
241 2935 297 2999 hoc
320 2955 429 3018 genus
454 2933 613 2997 umnam
653 2935 689 2996 Id
713 2934 848 2998 Mures
873 2936 932 3016 pla·
973 2946 975 3020 ᾗ

973 3226 975 3255 i

973 3280 975 3296 ι
