1984 3342
148 181 190 240 96
392 189 428 234 ru.
447 187 517 234 rus.
535 184 743 244 oomrrutur

149 335 222 412 putri
236 335 357 412 nuptias,
372 337 456 396 matri
468 335 571 413 prioris
583 335 649 394 vitre
667 332 887 394 neosssitttem:
905 352 940 395 ue

149 431 272 506 denique
297 432 390 510 legem
416 432 558 508 quondam
583 432 644 489 suis
675 449 789 506 quoque
821 432 939 490 subinde

148 527 246 586 liberis
259 529 346 588 daret
387 528 542 587 Credibilis
554 528 609 586 erit
627 529 715 586 etiam
732 529 849 604 propris
867 547 938 604 quo·

148 623 214 681 dum
233 625 263 682 iu
285 625 333 682 ills
351 626 502 684 meretrioe
519 624 676 700 turpitudo,
690 643 775 700 quum
794 643 875 682 nuno
894 625 938 682 hio

147 729 227 796 puter
253 721 327 778 ferre
346 741 404 780 non
422 722 521 797 possit
561 720 632 778 Atia
649 731 795 796 proetereo.
836 719 937 796 Neque

146 816 224 874 esim
237 835 316 876 nuno
330 817 533 889 declamemus,
546 817 598 875 sed
609 817 795 888 ostendimus,
809 834 936 875 nonnun-

146 930 232 987 quam
244 931 328 989 posse
341 913 484 971 dicentem
497 913 566 988 ipsis
585 913 775 972 moommodis
794 913 871 971 bene
889 913 933 970 uti

184 1008 232 1066 84.
259 1009 324 1066 Illio
337 1009 426 1086 major
440 1019 535 1080 sutus,
549 1009 599 1066 ubi
612 1007 677 1083 quis
694 1009 829 1083 pudendi
849 1009 935 1084 queri·

145 1114 201 1176 tur,
216 1115 247 1163 ut
260 1117 398 1182 stuprum,
412 1105 557 1181 prsoipue
570 1105 600 1161 in
613 1104 748 1176 muribus,
762 1114 813 1162 out
823 1123 860 1162 os
876 1122 934 1181 pro·

145 1201 279 1260 fanetum.
320 1201 389 1260 Non
402 1202 478 1273 dieo,
492 1201 517 1259 si
536 1201 668 1275 loquutur
687 1199 761 1276 ipse:
783 1219 851 1258 num
871 1199 934 1276 quid

146 1298 223 1355 uliud
249 1298 286 1370 ei,
307 1317 392 1374 quam
417 1298 541 1375 gemitus
565 1315 599 1354 ao
626 1296 718 1366 fletus,
738 1305 768 1354 et
794 1298 934 1355 execratio

145 1393 208 1452 vitae
222 1395 391 1452 convenisti
410 1404 442 1451 ut
453 1394 541 1470 judex
554 1393 692 1469 intelligat
703 1393 798 1468 potius
811 1394 933 1451 dolorem

144 1488 234 1559 illum,
262 1509 347 1565 quarn
374 1490 485 1547 audiat:
519 1490 571 1546 sed
596 1499 716 1564 patrono
748 1507 865 1565 quoque
888 1507 934 1566 per

143 1584 251 1642 similes
278 1585 394 1642 sffeotus
420 1586 546 1642 eundum
572 1585 634 1656 erit,
655 1584 722 1659 quia
747 1585 805 1642 hoo
826 1586 933 1662 injuris

143 1697 235 1755 genus
267 1681 456 1738 verecundius
492 1681 566 1739 inest
597 1681 697 1757 passis,
731 1701 817 1756 quum
852 1681 933 1740 ausis

142 1774 191 1832 85.
214 1773 372 1833 Mollienda
392 1788 435 1834 est
455 1777 484 1834 in
504 1777 645 1852 plerisque
665 1777 723 1835 olio
742 1778 839 1836 oolore
860 1797 935 1854 uspe-

142 1869 211 1928 ritas
226 1871 372 1941 orationis,
387 1881 418 1927 ut
432 1871 538 1930 Ciuoro
550 1872 586 1930 de
598 1873 820 1948 proscriptorum
840 1873 935 1932 liberis

143 1968 219 2029 feeit,
272 1967 354 2030 Quid
386 1969 463 2026 enim
503 1970 656 2040 crudelius,
689 1989 772 2045 puoso
804 1971 933 2038 moes,

141 2066 261 2124 donastis
276 2065 445 2141 parentibus
466 2085 500 2122 oc
512 2064 664 2141 majoribus
677 2075 769 2132 sutus,
783 2085 804 2124 o
814 2067 935 2144 republi-

142 2182 177 2220 ca
196 2162 380 2220 summoueri?
422 2161 522 2236 Itaque
547 2161 650 2219 durum
676 2161 706 2220 id
725 2181 788 2220 esse
807 2182 935 2222 summus

142 2259 190 2316 ille
217 2259 429 2316 tractandorum
458 2258 616 2316 animorum
644 2258 745 2316 artifex
763 2259 933 2318 confitetur:

141 2354 192 2412 sed
218 2354 258 2412 ita
282 2354 393 2430 legibus
420 2355 507 2412 sultae
527 2354 671 2412 oohoerere
688 2364 792 2412 statum
811 2355 934 2413 civitatis

142 2449 271 2521 affirmat,
287 2461 318 2508 ut
339 2451 383 2508 his
396 2451 496 2508 solutis
509 2459 583 2508 sture
598 2450 659 2525 ipsa
671 2468 729 2507 non
741 2451 839 2526 possit
880 2452 934 2510 As·

141 2556 256 2604 seoutus
269 2547 364 2622 itaquo
378 2558 429 2618 est,
443 2557 475 2604 ut
489 2547 595 2622 aliquid
608 2565 706 2604 eorum
720 2565 834 2622 quoque
848 2566 933 2606 ouusu

142 2641 283 2700 videretur
304 2643 407 2716 fauere,
422 2655 522 2703 contra
542 2661 613 2716 quos
632 2643 749 2700 diceret
788 2643 838 2700 86.
858 2643 932 2702 Illud

142 2738 228 2796 etiam
242 2738 272 2796 in
290 2739 364 2814 joois
384 2737 490 2808 monui,
505 2756 591 2810 quum
609 2739 699 2814 turpis
718 2748 793 2796 esset
812 2739 932 2798 fortunus

143 2833 311 2893 insectatio:
332 2844 361 2892 et
374 2852 411 2892 ne
424 2833 454 2890 iu
467 2842 542 2889 totos
555 2832 678 2904 ordines,
694 2843 742 2890 aut
760 2843 872 2909 gentes,
886 2844 934 2892 aut

141 2929 272 3006 populos,
286 2927 443 3006 petulantis
456 2927 621 2987 iuourreret
662 2928 722 2986 Sed
734 2929 851 2988 interim
863 2930 935 2990 tidss
