1984 3342
240 229 322 278 uisu.
342 229 479 279 unsrun.
499 231 560 278 uu.
579 231 622 278 xr.
640 231 663 276 s.
791 224 849 286 148

51 377 276 456 ineptissimum:
298 379 463 456 urbaneque
477 380 582 438 Florus
594 379 743 458 Virginius
763 379 848 440 inter·

51 476 164 552 rogavit
184 476 221 534 ds
241 476 364 550 quodem
385 495 438 534 suo
459 476 654 552 antisophiste,
668 485 736 554 quot
755 479 848 535 millio

45 591 185 649 passuum
198 571 398 630 declamasset?
442 573 506 630 127.
521 572 681 648 Praecipiet
694 573 846 646 illudscio,

50 688 88 728 ns
111 669 288 726 ambulantes
309 679 468 728 avertamur
496 689 514 726 u
536 669 691 746 judicibus,
711 671 763 728 sed
789 670 847 729 sint

50 765 161 840 obliqui
180 765 268 840 pedes
289 765 324 822 sd
344 765 498 824 consilium
516 765 599 823 nobis
618 765 845 843 respicientibus

49 861 85 918 Id
105 861 169 920 lieri
192 860 311 936 judiciis
330 861 446 936 privatis
466 880 525 920 non
543 872 646 938 potest,
686 862 795 920 Verum
817 872 847 922 et

50 957 182 1016 breuiora
194 967 260 1014 sunt
273 958 374 1034 spatis,
388 977 443 1016 nec
457 958 548 1016 aversi
561 958 610 1015 diu
624 978 730 1016 sumus.
770 959 847 1020 Inte·

49 1054 105 1111 rim
132 1063 228 1112 temen
254 1054 389 1112 recudere
409 1054 515 1112 sensim
536 1054 627 1111 datur.
667 1054 797 1116 Quidum
817 1065 846 1114 et

48 1149 191 1220 resiliunt,
205 1149 281 1224 quod
301 1159 344 1208 est
364 1149 448 1226 plene
468 1149 630 1207 ridiculum.
673 1150 737 1207 128.
759 1150 845 1208 Pedis

49 1244 205 1320 supplosio,
221 1255 252 1302 ut
264 1245 330 1302 loco
343 1255 386 1302 est
399 1255 567 1321 opportune,
582 1256 613 1303 ut
627 1247 666 1302 ait
686 1246 800 1316 Cicero,
814 1247 846 1304 iu

48 1341 270 1398 contentionibus
291 1349 343 1398 out
363 1341 543 1417 incutiendus,
564 1350 615 1399 aut
626 1341 785 1419 finiendis:
807 1341 846 1400 itu

47 1437 152 1496 crebro
165 1447 194 1494 et
208 1437 296 1514 inepti
309 1448 353 1496 est
366 1437 501 1510 hominis,
515 1447 544 1494 et
557 1437 662 1496 desiuit
672 1437 800 1514 judicem
814 1437 844 1496 in

46 1553 79 1592 se
101 1543 278 1592 convertere.
319 1533 372 1592 Est
392 1544 420 1592 et
441 1534 490 1592 illa
509 1535 646 1592 indecora
665 1535 695 1592 in
715 1535 845 1592 dextrum

47 1649 83 1688 ao
105 1629 208 1688 lrevum
234 1630 308 1688 latus
328 1631 470 1690 vacillatio
491 1631 606 1688 alternis
625 1631 746 1708 pedibus
764 1631 846 1690 insis-

46 1727 179 1786 tentium.
221 1727 402 1804 Longissime
416 1728 552 1804 fugienda
565 1728 660 1787 mollis
680 1729 765 1800 actio,
778 1747 846 1804 qua·

45 1825 105 1884 lem
133 1825 165 1882 in
191 1823 273 1882 Titio
299 1824 404 1882 Cicero
431 1824 503 1882 dicit
530 1825 627 1897 luisse,
654 1826 731 1883 unde
757 1826 844 1883 etiam

45 1921 209 1982 saltationis
223 1921 366 1996 quoddam
380 1939 470 1998 genus
490 1921 586 1978 Titius
607 1921 644 1979 sit
665 1923 843 1997 appellatum.

47 2021 115 2078 129.
136 2019 389 2095 Reprehendends
402 2029 430 2076 et
444 2019 493 2076 illa
506 2019 639 2092 frequens
652 2029 682 2076 et
701 2020 845 2078 concitate

45 2117 76 2176 in
104 2127 255 2190 utramque
281 2125 391 2192 partem
418 2115 539 2185 nutritio,
560 2133 646 2188 quam
666 2113 696 2170 in
716 2113 845 2172 Curione

44 2222 128 2288 putre
152 2212 240 2270 irrisit
266 2221 295 2270 et
321 2211 427 2284 Julius,
449 2210 674 2286 quaerensque
701 2210 733 2266 iu
759 2209 844 2268 lintre

45 2311 229 2386 loqueretur?
264 2319 293 2366 et
326 2307 471 2366 Sicinius:
505 2325 572 2364 num
598 2324 675 2377 cum,
703 2292 845 2364 susidente

44 2406 171 2482 collega,
185 2405 233 2480 qui
248 2414 309 2464 erat
321 2414 436 2480 propter
451 2403 641 2460 valetudinem
655 2412 684 2459 et
703 2402 844 2480 deligatus

43 2514 73 2561 et
100 2502 232 2578 plurimis
258 2501 475 2560 medicamentis
501 2500 653 2570 delibutus,
673 2499 794 2558 muitum
814 2519 845 2558 se

44 2599 139 2657 Curio
153 2617 188 2656 ex
201 2617 280 2656 more
298 2598 442 2674 jactasset,
456 2595 622 2674 Nunquam,
637 2596 738 2670 inquit,
756 2596 845 2655 Octa·

42 2695 84 2765 vi,
100 2693 214 2769 colleffl
234 2701 282 2750 tuo
299 2693 430 2768 gratiam
449 2689 564 2768 roseros,
584 2691 635 2767 qui
654 2691 711 2747 misi
722 2689 843 2766 fuisset,

42 2789 127 2848 lodic
141 2797 168 2848 tc
181 2788 246 2846 istic
260 2807 360 2846 musco
379 2787 565 2846 comedissent.
609 2786 672 2844 130.
694 2785 844 2843 lactentur

43 2896 73 2943 et
87 2884 217 2942 humeri:
239 2883 314 2958 quod
330 2883 430 2940 vitium
449 2867 659 2941 Demosthenes
678 2881 719 2938 ita
738 2881 843 2937 dicitur

43 2980 226 3054 emendasse,
247 2991 288 3052 ut,
309 2979 426 3036 cumin
450 2988 571 3054 angusto
591 2977 714 3063 quodam
733 2975 843 3053 pulpito
