1984 3342
232 213 314 264 utar.
333 213 470 262 omuoa.
491 213 554 262 atr.
572 215 603 264 x.
622 216 644 262 r.
792 203 835 266 ct

41 363 173 436 mimus,
186 365 273 424 etiam
295 365 384 424 multa
402 365 540 426 dicamus.
580 365 608 423 8.
630 364 707 423 Nam
725 383 836 424 maruc-

40 461 108 520 rudo
119 469 148 519 et
167 462 329 520 exercitatio
349 463 514 520 facilitatem
533 462 656 520 maximo
674 462 757 538 parit,
771 481 835 537 quta

42 559 65 616 si
85 559 232 634 paululum
253 559 413 618 intermissa
432 560 527 632 luerit,
548 578 604 617 non
626 559 761 616 velocitas
787 559 837 616 illa

43 655 128 712 modo
153 655 290 726 tardatur,
311 655 362 714 sed
382 655 475 732 ipsum
495 675 528 713 os
547 673 661 732 quoque
680 654 834 712 concurrit.

42 751 216 826 Quanquam
241 753 318 810 enim
341 771 412 828 opus
432 764 475 810 est
495 752 617 810 naturali
637 752 757 827 quadam
777 769 837 809 mo·

44 849 151 908 bilitute
172 851 267 922 animi,
283 860 323 922 ut,
338 851 406 908 dum
425 851 554 928 proxima
573 851 705 919 dicimus,
725 860 836 908 struere

44 945 177 1004 ulteriora
208 947 358 1023 possimus,
385 965 553 1024 semperque
584 958 710 1004 nostram
736 963 836 1004 vocem

42 1042 153 1117 provisa
172 1052 202 1100 et
221 1042 342 1100 formata
362 1043 499 1119 cogitatio
519 1043 661 1118 excipiat:
687 1043 715 1100 9.
737 1042 784 1099 vix
796 1053 837 1099 ta·

43 1155 108 1196 meu
119 1148 167 1196 aut
177 1147 287 1210 natura,
298 1148 346 1195 aut
355 1139 427 1196 ratio
439 1139 467 1196 in
479 1149 536 1196 tatn
551 1138 697 1214 multiplex
708 1137 836 1195 officium

41 1234 179 1292 diducere
190 1234 316 1292 animum
326 1245 420 1310 queat,
430 1245 461 1292 ut
471 1234 637 1305 inventioni,
647 1233 835 1308 dispositioni,

40 1331 207 1404 elocutioni,
227 1331 320 1388 ordini
345 1349 439 1389 rerum
467 1332 682 1404 verborumque,
696 1339 763 1386 ‘turn
789 1328 835 1399 iia,

43 1446 104 1503 que
118 1428 199 1499 dicit,
213 1447 276 1503 quaa
291 1429 495 1504 subjuncturus
515 1437 567 1497 est,
582 1445 645 1500 qure
667 1426 738 1482 ultra
757 1444 837 1502 spec·

41 1522 127 1581 tanda
147 1533 223 1595 sunt,
245 1523 371 1581 adhibita
390 1523 477 1594 vocis,
497 1521 754 1598 pronunciationis,
775 1539 838 1599 ges·

43 1629 88 1676 tus
100 1619 306 1688 observatione,
322 1639 380 1676 una
399 1619 530 1676 sufficiat
574 1618 618 1676 1⁰.
639 1618 740 1696 Longe
759 1618 836 1676 enim

42 1716 183 1791 precedat
209 1721 320 1792 oportet
346 1715 475 1788 intentio,
497 1734 531 1772 ao
550 1734 609 1791 praa
629 1734 660 1772 se
679 1734 725 1772 res
752 1724 835 1792 agat:

43 1821 235 1887 quantumque
253 1812 376 1869 dicendo
390 1812 577 1884 consumitur,
591 1822 701 1868 tantum
715 1830 751 1868 ex
773 1810 838 1868 ulti·

43 1927 88 1965 tuo
106 1918 290 1985 prorogetur:
312 1918 342 1964 ut
357 1907 448 1965 donec
468 1908 665 1983 perveniamus
685 1907 721 1964 ad
740 1907 836 1978 finem,

44 2022 98 2062 non
113 2006 209 2062 minus
221 2014 372 2080 prospectu
386 2004 585 2079 procedamus,
599 2022 684 2077 qnam
697 2004 797 2078 gradu,
811 2002 837 2059 si

43 2119 99 2158 non
114 2100 319 2158 intersistentes
332 2099 561 2175 offensantesque
582 2099 677 2156 brevia
691 2098 739 2154 illa
753 2108 837 2171 atque

44 2197 160 2254 concisa
173 2197 388 2273 singultantium
403 2195 488 2252 modo
503 2193 621 2271 ejecturi
636 2212 741 2250 sumus.

83 2294 128 2350 ll.
143 2291 196 2350 Est
217 2293 304 2370 igitur
325 2310 393 2350 usus
413 2291 529 2366 quidam
548 2289 729 2356 irrationalis,
751 2305 836 2364 quern

44 2387 137 2446 Gracci
157 2387 255 2464 ἄλογον
275 2388 369 2462 τριβὴν
390 2397 503 2458 vocant,
524 2405 581 2461 qua
599 2403 700 2443 manus
720 2385 750 2442 in
769 2386 838 2443 scri·

45 2485 138 2542 bondo
150 2483 284 2556 decurrit,
300 2503 355 2560 qua
369 2484 445 2542 oculi
465 2493 542 2540 totos
559 2482 644 2540 simul
666 2483 696 2539 in
715 2483 839 2541 lectione

45 2599 150 2652 versus,
171 2579 317 2655 flexusque
343 2599 441 2638 eorum
467 2590 496 2637 et
521 2579 656 2638 transitus
682 2579 838 2650 intuentur,

46 2687 72 2736 et
99 2688 165 2736 ante
186 2678 334 2752 sequentia
352 2677 458 2749 rident,
479 2695 564 2751 quam
584 2676 680 2752 priora
697 2676 837 2734 dixerunt

45 2773 113 2836 Quo
123 2785 257 2832 constant
267 2774 404 2832 miracula
415 2774 462 2832 illa
476 2774 506 2830 in
519 2773 613 2830 scenis
625 2773 789 2848 pilariorum
804 2789 839 2829 ac

46 2871 254 2942 ventilatorem,
276 2880 370 2941 ntea,
392 2889 453 2944 quae
474 2869 628 2940 emiserint,
650 2869 724 2925 ultro
742 2867 838 2923 venire

47 2968 75 3026 in
102 2986 206 3028 manus
232 2966 341 3039 credas,
368 2976 398 3024 ct
430 2984 486 3041 qua
515 2965 651 3041 jubentur
676 2963 836 3019 decurrere·
