1984 3342
221 235 543 288 meorumnam
561 233 605 284 nt
625 237 646 284 1.
790 223 828 284 st

36 387 114 448 rebus
125 389 229 464 gestis,
241 408 289 448 nee
302 389 334 446 in
347 389 400 448 ine
419 407 480 447 men
499 386 691 446 mediocritate
709 383 831 461 ingenii,

35 485 105 562 qnid
130 483 268 562 despicere
289 487 384 562 possit
409 485 563 543 Antonius.
610 483 659 542 26.
680 481 720 542 Et
745 481 832 559 paulo

14 593 95 657 ·post
123 582 262 657 apertius:
289 581 340 640 An
366 581 509 640 desmate
533 596 636 639 nectem
655 579 744 638 noluit
771 597 832 637 oon·

35 680 156 736 tentione
181 677 317 736 dicendi?
358 678 425 737 Hoe
454 678 565 756 quidem
591 675 751 754 beneficium
780 684 830 735 est.

38 773 122 843 Quid
139 775 210 832 enim
228 774 349 850 plenius,
365 773 436 852 qnid
454 775 578 847 aebemus,
599 793 684 852 want
703 773 783 847 mitt,
803 781 832 832 et

30 891 84 948 pro
96 891 148 942 me,
163 880 190 930 et
203 880 302 930 eontra
316 873 472 930 Antoninon
485 871 598 930 disere?

69 971 119 1028 27.
141 969 316 1045 Arrogantes
330 979 358 1026 et
372 969 423 1040 ilii,
432 969 481 1046 qui
491 987 523 1026 se
533 969 677 1047 judicasse
687 971 724 1028 de
734 987 831 1039 neusa,

34 1085 88 1124 nee
115 1065 198 1122 aliter
219 1065 355 1123 affuturos
375 1065 461 1123 inisse
487 1077 657 1142 proponunt.
698 1066 776 1125 Nam
802 1077 833 1126 et

35 1163 116 1220 inviti
128 1162 241 1239 jndices
256 1162 375 1221 audiunt
394 1174 612 1238 prasumeutem
632 1174 728 1239 partes
747 1182 830 1223 suas:

32 1279 86 1317 nee
101 1260 158 1317 hoe
171 1259 277 1316 oratori
290 1259 456 1336 contingere
471 1259 545 1316 inter
559 1259 743 1332 adversarios,
755 1259 832 1335 quod

33 1355 202 1433 Pythagoras
229 1356 302 1414 inter
330 1355 495 1432 discipulos,
523 1367 626 1432 potest,
652 1355 719 1434 Ipse
747 1356 829 1416 dixit.

32 1453 90 1510 Sed
106 1451 183 1510 istud
196 1452 287 1530 magis
306 1452 437 1510 minusve
449 1452 583 1510 vitiosum
602 1463 646 1511 est
664 1469 717 1531 pro
736 1471 832 1531 perso-

32 1549 76 1607 nis
90 1548 259 1607 dicentium.
299 1549 347 1608 28.
369 1549 541 1608 Defenditut
561 1551 639 1608 enim
653 1549 831 1626 aliquatenus

32 1656 127 1717 aetate,
150 1645 297 1722 dignitate,
320 1645 505 1704 anctoritate:
534 1665 597 1722 qun
617 1657 713 1706 tamen
733 1649 781 1706 rix
799 1649 831 1707 in

33 1743 92 1800 rullo
104 1751 186 1800 tante
198 1741 313 1813 fuerint,
327 1752 430 1801 utnon
450 1741 507 1800 hoo
528 1744 722 1802 affirmationis
740 1761 832 1823 genus

32 1839 251 1916 temperandum
265 1837 302 1896 sit
316 1838 411 1913 ulique
420 1837 625 1913 moderatione,
636 1841 711 1900 siout
724 1842 830 1916 omnia,

33 1931 60 1990 in
74 1932 183 2008 quibus
194 1943 331 2008 patronus
345 1943 543 2010 argumentum
558 1951 593 1990 ex
612 1953 644 1992 se
663 1935 726 2010 ipso
743 1946 829 2012 petet.

32 2028 150 2088 Fuisset
170 2029 316 2096 tumidius,
337 2029 362 2086 si
383 2029 583 2104 accipiendum
611 2029 739 2088 oriminis
764 2032 831 2090 loeo

31 2134 167 2202 negasset
186 2125 301 2197 Cicero,
322 2125 436 2200 Equinis
456 2125 584 2183 Romani
603 2143 666 2184 esse
684 2126 784 2199 filium,
799 2146 831 2186 se

31 2220 226 2279 defendentes
267 2221 308 2279 At
327 2221 376 2280 ille
396 2221 464 2280 feeit
483 2221 540 2279 hoo
559 2221 645 2279 etiam
666 2222 829 2296 favorabile,

31 2317 238 2394 conjungendo
265 2335 331 2374 oum
359 2317 505 2394 jndicibus
538 2317 705 2394 dignitatern
740 2339 829 2380 suam.

30 2413 158 2490 Equitis
179 2421 270 2470 antem
289 2411 416 2470 Romani
435 2433 492 2472 esse
502 2413 612 2491 filium,
626 2415 753 2473 criminis
774 2417 832 2475 loeo

33 2509 111 2585 poni
131 2509 167 2566 ab
188 2510 409 2582 accusatoribus,
429 2529 516 2587 neque
535 2511 611 2570 nobis
627 2510 831 2588 judicantibus

29 2606 172 2682 oportuit,
193 2625 279 2682 neqne
305 2605 515 2683 defendentibus
541 2607 629 2666 nobis.
668 2609 716 2668 29.
737 2610 833 2686 Impu-

30 2702 117 2772 dens‚
131 2703 316 2774 tumultuosa,
337 2703 474 2762 iracunda
495 2705 580 2777 actio,
601 2706 734 2763 omnibus
754 2707 834 2765 inde·

29 2817 121 2858 eota:
143 2799 193 2856 sed
206 2810 238 2856 ut
251 2799 370 2875 quisque
384 2810 476 2872 oetate,
491 2801 640 2877 dignitate,
655 2821 708 2859 usu
727 2821 834 2878 praeee-

30 2897 82 2966 dit,
109 2895 202 2972 magis
222 2895 252 2953 in
272 2915 306 2954 ea
319 2896 576 2974 reprehendendus.
618 2897 724 2955 Videas
738 2907 833 2954 autem
935 2958 936 2961 Ἴ

29 2995 176 3052 rixatores
208 2986 347 3069 quosdam
378 3009 472 3066 neque
501 2991 632 3067 judicum
664 2988 832 3062 reverentia,
