1984 3342
219 277 457 330 mosomus
476 278 539 328 un.
558 278 602 326 xa
619 278 642 324 a
770 269 827 330 181

34 446 77 488 me
104 428 220 488 unimus
246 428 362 500 eminet,
382 438 415 486 ut
440 427 514 488 citra
538 436 649 487 motum
668 445 782 504 quoque
798 435 831 486 et

34 524 186 588 hilaritate,
202 524 370 598 enitesoenu
391 534 420 582 et
439 524 561 584 tristitiae
586 523 730 599 quoddam
748 523 831 582 nubi·

35 620 92 680 lum
119 622 237 680 ducant
278 621 361 684 Quin
387 621 475 678 etium
498 620 634 678 lacrimas
658 619 704 678 bis
729 629 831 678 natura

33 719 138 778 mentis
152 717 262 777 indices
282 718 378 776 dedit:
399 736 462 792 quae
483 726 533 774 eut
551 726 703 792 erumpunt
722 716 830 788 dolore,

34 825 82 872 aut
101 813 202 872 laetitia
221 824 344 870 manunt.
386 811 470 871 Motu
491 831 558 870 vero
578 812 689 884 intenti,
709 812 831 883 remissi,

35 911 160 988 superbi,
173 911 255 982 torvi,
276 911 368 982 mites,
390 911 481 988 asperi
501 911 590 968 liunt:
611 929 685 986 que,
699 921 731 968 ut
751 920 831 970 uetus

36 1007 207 1084 poposcerit,
235 1007 385 1084 fingentur.
434 1008 480 1066 76.
508 1007 610 1083 Rigidi
636 1025 705 1064 vero
729 1016 760 1064 et
784 1025 832 1065 eu·
918 1001 922 1008 ’

36 1103 118 1175 tenti,
140 1113 189 1162 out
209 1103 343 1179 ,languidi
370 1111 399 1160 et
425 1111 578 1177 torpentes,
599 1112 648 1161 aut
675 1111 831 1176 stupentes,

33 1207 86 1256 ,sut
105 1197 206 1254 lascivi
225 1206 254 1254 et
274 1196 402 1268 mobiles,
424 1205 472 1254 aut
498 1205 629 1252 nutantes
654 1205 683 1252 et
709 1195 832 1270 quadum

37 1295 180 1371 voluptate
193 1293 304 1366 suffusi,
319 1304 367 1352 aut
380 1295 441 1352 limi
461 1303 500 1364 et,
514 1304 547 1350 ut
566 1293 609 1359 sic
629 1292 734 1363 dicum,
748 1311 832 1351 vene·

5 1419 9 1428 ·
38 1393 89 1465 rei,
105 1400 153 1450 aut
165 1401 316 1467 poscentes
337 1389 443 1465 aliquid
463 1389 667 1466 pollicentesve
685 1406 830 1463 nonquam

39 1507 101 1548 esse
121 1488 272 1546 debebunt.
314 1487 391 1544 Nam
411 1495 525 1561 opertos
551 1503 763 1561 compressosve
781 1502 832 1544 eos

39 1586 69 1644 in
95 1583 218 1642 dicendo
244 1583 317 1659 quis,
343 1582 399 1643 nisi
423 1581 509 1658 plum
540 1582 620 1640 rudis
646 1590 694 1640 aut
718 1580 831 1653 stultus,

39 1681 161 1740 babeat?
200 1681 247 1737 77.
268 1679 307 1737 Et
333 1679 368 1738 ad
393 1679 456 1736 haec
481 1679 578 1737 omnia
600 1677 783 1754 exprimenda
801 1677 832 1736 in

38 1774 180 1853 palpebris
193 1775 278 1834 etiarn
299 1784 327 1832 et
346 1773 427 1851 genis
447 1785 490 1832 est
510 1774 652 1850 quoddam
671 1774 832 1833 deserviens

39 1872 77 1930 iis
94 1871 291 1932 ministerium.
332 1871 378 1929 78.
399 1869 526 1928 Multum
545 1881 575 1929 et
593 1871 755 1947 superciliis
774 1870 832 1947 agi·

40 1979 95 2026 tur.
148 1967 229 2026 Nam
257 1977 286 2025 et
317 1967 415 2026 oculos
443 1967 564 2024 sormunt
591 1967 776 2042 aliquatenus,
803 1976 832 2026 et

41 2063 128 2122 fronti
147 2063 292 2140 imperant.
334 2061 390 2120 His
410 2062 596 2132 contrabitur,
617 2063 764 2132 attollitur,
784 2062 832 2120 de·

41 2159 178 2218 mittitur:
207 2169 239 2216 ut
264 2177 322 2216 una
347 2158 437 2217 resin
457 2176 493 2214 ea
509 2157 575 2232 plus
593 2158 695 2229 valeat,
715 2157 832 2232 sanguis

42 2256 100 2328 ille,
115 2255 164 2330 qui
177 2255 279 2314 mentis
292 2254 391 2313 habitu
405 2260 542 2324 movetur,
557 2262 595 2324 et,
610 2271 677 2310 cum
691 2251 831 2309 infirmum

41 2351 214 2410 verecundia
227 2362 322 2408 cutem
337 2349 457 2426 accepit,
471 2348 625 2407 effunditur
637 2349 668 2406 in
681 2348 829 2420 ruborem3

41 2467 110 2506 cum
124 2457 202 2504 metu
214 2447 329 2524 refugit,
344 2446 402 2505 abit
415 2445 509 2504 omnis
521 2455 551 2503 et
562 2445 670 2521 pallore
689 2444 831 2522 frigescit3

40 2553 214 2620 temperatus
245 2543 371 2602 medium
403 2542 545 2618 quoddam
577 2560 708 2605 serenum
735 2542 829 2602 efficit.

40 2641 88 2698 79.
116 2639 228 2698 Vitium
254 2639 284 2697 in
310 2640 477 2716 superciliis,
498 2639 524 2696 si
549 2649 598 2697 sut
623 2639 740 2698 immota
765 2650 832 2699 sunt

40 2734 171 2807 omnino,
186 2745 234 2793 aut
247 2735 368 2794 nimium
381 2735 507 2807 mobilis,
522 2746 570 2792 aut
585 2735 786 2810 inaequalitate,
799 2746 832 2794 ut

37 2831 129 2890 modo
143 2832 179 2889 de
198 2849 319 2907 persons
339 2831 450 2890 comica
470 2831 606 2903 dixeram,
620 2831 768 2904 dissident,
782 2842 831 2890 aut

38 2937 143 2986 contra
170 2926 208 2998 id,
228 2927 304 3001 quod
330 2927 462 2999 dicimus,
482 2928 635 3004 finguntur.
674 2927 729 2984 Ira
754 2928 832 2984 enim

37 3023 208 3098 contractis,
234 3024 358 3082 testula
384 3023 526 3097 deductis,
543 3023 680 3085 hilaritas
706 3023 831 3085 remissis
