1984 3342
229 233 311 288 lust.
330 235 467 288 ΘΗΜ.
486 237 641 287 REM.
793 229 832 290 01

37 380 109 454 neri,
123 392 153 443 et
166 382 299 447 nauibus
318 386 597 464 simultatiumque
615 387 699 460 adso,
710 397 745 448 ut
762 387 835 448 didi·

38 478 95 538 cila
116 480 152 536 ab
176 480 221 540 his
239 482 381 560 digressos
399 484 438 544 sit
458 484 646 556 assuefacere,
659 503 698 544 ue
718 485 754 543 sb
774 484 834 556 iila,

38 575 67 634 in
95 595 151 651 qua
176 595 264 654 propo
297 581 511 648 consenuerint,
543 581 655 653 umbra,
681 599 749 640 sera
779 581 837 640 dis·

39 673 169 745 crimina,
203 675 280 736 relat
318 676 461 751 quendam
500 677 601 748 solem,
640 677 835 736 reformident.

41 770 84 826 18.
106 769 197 834 Quod
223 772 364 830 accidisse
391 773 478 834 etiarn
505 773 611 832 Porcio
636 772 765 844 Latroni,
785 772 837 848 qui

39 865 148 940 primus
162 867 231 926 clari
245 868 371 928 nominis
390 869 533 944 professor
553 869 619 939 tuit,
631 870 773 928 truditur:
793 879 837 940 ut,

41 965 159 1036 cumei,
173 983 312 1026 maumam
328 966 358 1028 in
372 967 480 1027 scholis
499 967 665 1044 opiaaiooem
684 967 837 1039 obtime,

42 1079 127 1122 causa
148 1061 178 1120 in
199 1063 260 1124 soro
280 1074 355 1123 esset
374 1064 492 1135 oranda,
508 1065 637 1140 impense
654 1065 779 1140 petierit,
794 1065 838 1123 uti

42 1159 175 1216 subsellia
208 1159 238 1216 in
265 1160 414 1220 basilicam
440 1161 670 1220 transferrentur.
723 1160 770 1220 lta
794 1160 840 1218 illi

42 1255 146 1314 caelum
160 1273 265 1316 norum
279 1255 344 1326 suit,
358 1266 389 1314 ut
403 1257 498 1316 omnis
510 1257 573 1332 ejus
586 1256 752 1330 eloquentia
770 1273 840 1314 con·

42 1351 126 1410 tiaeri
146 1362 226 1412 teoto
246 1371 279 1412 ac
298 1353 456 1429 parietibus
475 1353 628 1410 videretur.
673 1354 715 1410 19.
735 1352 840 1414 Quare

45 1447 169 1523 juvenis,
184 1447 385 1522 quitationem
405 1448 570 1508 inveniendi
591 1448 802 1524 eloquendique
822 1467 841 1507 ι

43 1545 263 1620 preceptoribus
275 1545 426 1623 diligenter
440 1545 601 1622 acceperit:
621 1545 697 1621 quod
717 1564 776 1604 non
795 1555 840 1604 est

45 1639 146 1700 infiniti
160 1641 263 1718 operia,
278 1641 302 1700 si
322 1642 427 1702 docere
446 1641 540 1701 sciant
558 1654 588 1701 et
606 1642 711 1701 velint:
732 1642 841 1701 enerci-

45 1739 181 1799 tationem
214 1756 327 1814 quoque
359 1739 503 1798 modicam
538 1740 624 1798 tuerit
656 1749 841 1812 consecutas,

46 1848 186 1896 oratorem
206 1837 262 1896 sibi
282 1837 415 1914 aliquem,
435 1837 514 1912 quod
534 1837 610 1914 apud
629 1838 752 1914 majores
776 1837 841 1896 fieri

46 1933 163 2004 solebat,
178 1932 293 2009 deligat,
314 1951 399 2010 quem
420 1944 566 2008 sequatur,
587 1951 672 2008 quern
693 1933 841 2003 insitorum

49 2029 165 2106 judiciis
192 2029 303 2088 intersit
328 2047 414 2106 quarn
440 2029 583 2105 plurimis,
602 2040 632 2088 et
647 2030 689 2106 sit
708 2029 842 2088 certami-
895 2081 903 2098 ,

46 2125 97 2198 nis,
112 2126 163 2184 cui
176 2125 341 2198 destinatur,
356 2126 489 2202 frequens
502 2135 652 2201 spectator.
691 2125 739 2183 20.
760 2124 842 2182 Tun

48 2241 148 2282 causas
161 2222 205 2281 vel
220 2223 344 2294 easdem,
358 2241 429 2298 quas
443 2223 490 2300 agi
504 2221 636 2292 audierit,
650 2221 718 2279 stilo
730 2230 760 2279 et
779 2221 842 2297 ipse

48 2330 208 2396 componat,
223 2319 267 2378 rel
287 2319 374 2378 etiam
395 2319 474 2390 alias,
487 2337 569 2376 veras
587 2317 684 2388 modo,
704 2328 734 2377 et
754 2318 844 2377 utrin-

48 2435 100 2490 que
114 2425 228 2486 tractet,
237 2427 275 2488 et,
286 2415 362 2490 quod
371 2415 401 2474 in
410 2414 615 2492 gladiatoribus
626 2414 688 2474 deri
701 2415 842 2487 ridemus,

49 2511 214 2570 decretoriis
226 2523 401 2584 exerceatur,
416 2522 448 2569 ut
462 2512 564 2570 iecisse
577 2511 698 2570 Brutum
719 2512 844 2571 diximus

49 2625 97 2682 pro
112 2608 231 2668 Milone.
273 2607 379 2668 Melius
392 2608 458 2679 hoo,
473 2627 559 2684 quarn
572 2609 731 2668 rescribere
742 2610 844 2668 veteri·

50 2705 101 2766 bus
126 2705 315 2778 orationibus,
337 2715 368 2764 ut
394 2705 463 2764 fecit
487 2705 605 2766 Cestius
631 2716 732 2764 contra
758 2706 844 2764 Cice·
964 2758 968 2767 .

51 2802 125 2862 roais
146 2803 288 2862 actionem
308 2803 435 2862 habiturn
448 2822 502 2879 pro
514 2803 627 2875 eodem,
640 2821 708 2862 cum
723 2803 843 2861 alteram

51 2910 156 2974 partem
171 2899 240 2958 sutis
253 2918 337 2958 nosse
350 2918 409 2958 noa
421 2911 519 2975 posset
537 2919 573 2958 ex
586 2900 649 2958 sola
668 2899 842 2957 defensione.

86 2996 134 3056 21.
162 2996 258 3056 Citius
285 3006 379 3056 autem
399 2995 521 3054 idoneus
539 2995 594 3054 erit
614 2994 738 3070 lovanie,
758 3007 845 3066 quem

284 3093 305 3149 6
413 3139 423 3160 r
