1984 3342
270 233 352 284 tutu.
373 233 511 282 ORATOR.
532 234 594 283 uu
615 233 658 282 nt.
676 236 699 282 ³.
823 227 881 287 125

22 465 24 468 Ι
87 401 186 458 mnus,
200 393 230 443 et
242 383 389 462 respiratio
402 385 455 444 sub
469 403 543 461 aqua
555 385 605 442 din
617 384 708 462 pressi
727 383 838 456 similis,
851 394 881 443 st

22 485 23 490 ’
87 492 220 560 receptus
239 482 361 559 longior,
376 493 403 540 et
423 501 483 539 non
502 491 688 558 opportunus,
701 490 734 538 ut
752 480 802 556 qui
821 479 880 553 hat,

86 599 147 640 uon
168 581 218 638 uhi
238 579 377 652 volumus,
398 580 448 638 sed
468 580 519 637 ubi
545 598 664 638 necesse
689 588 740 637 est.
779 577 882 642 Quare

86 677 249 754 longiorem
262 677 382 734 dicturis
394 675 544 752 periodum
555 675 733 753 colligendus
745 684 789 733 est
802 675 882 751 spiri-

88 783 150 831 tus:
172 772 213 830 ita
225 784 329 844 tamen,
344 784 376 829 ut
390 772 419 829 id
432 791 526 847 neque
538 772 598 844 diu,
612 790 706 847 neque
725 789 791 828 cum
811 785 882 829 sono

88 868 237 936 iaciamus,
251 887 344 944 neque
357 869 474 926 omuino
493 878 526 926 ut
545 867 725 926 manifestum
745 868 797 925 sit:
818 867 883 924 reli·

87 965 153 1042 quis
179 964 307 1041 partibus
334 965 439 1041 optime
466 963 540 1022 inter
568 965 717 1041 juncturas
743 964 882 1022 sermonis

88 1061 276 1120 revocabitur.
316 1062 365 1120 54.
387 1060 573 1120 Exercendus
600 1070 694 1118 autem
721 1071 772 1133 est,
793 1071 826 1118 ut
844 1061 882 1118 sit

88 1175 176 1233 quam
195 1157 392 1234 longissimus:
414 1157 488 1233 quod
510 1157 718 1215 Demosthenes
738 1167 769 1214 ut
788 1157 882 1214 effice·

89 1263 144 1325 ret,
172 1254 312 1312 scandens
345 1254 375 1312 in
409 1254 557 1312 adversum
583 1253 770 1310 continuabat
795 1270 882 1327 quam

89 1359 187 1426 posset
198 1349 335 1425 plurimos
348 1368 453 1407 versus.
494 1349 586 1420 Idem,
600 1366 658 1423 quo
671 1347 783 1405 facilius
795 1347 882 1406 rerba

89 1463 141 1504 cre
168 1446 259 1503 libero
284 1445 461 1522 exprimeret,
489 1444 616 1502 calculos
642 1443 741 1520 lingua
765 1442 881 1501 solvens

90 1541 190 1600 dicere
202 1541 279 1598 domi
293 1541 409 1600 solebat.
451 1543 498 1598 55.
520 1541 572 1608 Est
585 1540 700 1599 interim
719 1550 749 1597 et
767 1540 880 1617 longus,

90 1648 121 1697 et
143 1638 255 1714 plenus,
282 1648 310 1695 et
336 1639 430 1695 clarus
456 1637 525 1695 satis
551 1637 675 1713 spiritus,
701 1655 760 1696 uon
785 1647 882 1695 tamen

90 1735 180 1793 sumu
193 1735 370 1806 intentionis,
385 1735 507 1809 ideoque
526 1735 680 1793 tremulus:
700 1743 733 1792 ιιι
752 1751 881 1811 corpora,

89 1849 156 1906 que
177 1840 292 1907 aspectu
318 1832 437 1908 integra,
458 1831 553 1889 nervis
578 1850 678 1906 parum
698 1832 880 1890 sustinentur.
902 1848 905 1858 ·

91 1926 127 1984 Id
154 1926 278 2002 βράγχοι
297 1927 394 1985 Graeci
420 1938 532 1986 vocant
573 1929 648 1986 Sunt
675 1929 725 2004 qui
751 1928 882 2005 spiritum

89 2042 160 2082 cum
179 2023 298 2082 stridore
317 2043 367 2099 per
387 2024 531 2102 raritatem
551 2025 678 2082 dentium
698 2043 757 2081 non
783 2023 882 2101 recipi·

92 2130 155 2187 unt,
169 2119 219 2178 sed
232 2118 385 2177 resorbeat.
427 2120 502 2176 Sunt
515 2119 564 2193 qui
585 2119 686 2176 erebro
705 2119 841 2192 anhelitu,
854 2129 884 2177 et

92 2215 246 2276 introrsum
259 2216 344 2273 etiam
359 2214 434 2272 clare
448 2225 576 2287 sonante,
592 2215 737 2272 imitentur
754 2214 884 2290 jumenta
968 2257 972 2262 ,

92 2329 181 2372 onere
206 2322 235 2370 et
258 2313 328 2390 jugo
354 2311 520 2369 laborantia.
565 2312 613 2369 56.
633 2309 724 2372 Quod
751 2309 885 2368 effectam
975 2320 977 2393 J

90 2426 217 2484 quoque,
244 2419 377 2484 tanquam
405 2407 576 2465 inventionis
609 2407 692 2483 copia
717 2417 882 2484 urgeantur,
974 2438 975 2459 ι

90 2506 240 2582 majorque
251 2505 293 2562 vis
306 2505 474 2580 eloquentiae
487 2503 609 2582 ingruat,
619 2523 703 2579 quam
717 2523 779 2581 quar
793 2503 884 2562 emitti

92 2600 225 2660 saucibus
237 2599 333 2675 possit.
374 2599 427 2656 Est
441 2599 503 2657 aliis
517 2618 674 2658 concursus
687 2599 754 2672 oris,
768 2609 798 2657 et
817 2617 884 2656 cum
971 2574 973 2651 J

91 2696 188 2754 verbis
208 2696 266 2753 suis
287 2696 460 2754 colluctatio.
501 2696 567 2754 lam
587 2695 699 2764 tussire,
713 2705 743 2754 et
761 2711 885 2771 expuere

91 2792 206 2863 crebro,
234 2802 262 2849 et
289 2792 356 2850 ab
349 2811 407 2850 imo
432 2792 568 2868 pulmone
592 2790 724 2868 pituitam
750 2789 885 2848 trochleis
968 2806 969 2851 t

93 2889 248 2962 adducere,
268 2899 298 2947 et
317 2890 374 2948 oris
394 2890 513 2948 humore
532 2890 675 2966 proximos
693 2906 835 2965 spargere,
856 2897 885 2945 et

92 2986 233 3066 majorem
250 2995 360 3066 partem
385 2985 501 3062 spiritus
520 2985 551 3044 iu
569 2985 713 3062 loquendo
731 3001 782 3060 per
801 2979 885 3043 nare·
965 2988 966 3033 l

334 3077 398 3139 11·
