1984 3342
246 269 328 320 uisu.
346 271 484 321 ORATOR.
503 271 564 320 ΠΒ.
584 273 615 320 Χ.
635 275 655 320 l.
799 265 840 327 27

85 419 136 480 81.
163 419 407 499 Philosophorum,
435 423 599 498 exquibus
630 421 782 500 plurimum
808 441 839 483 ae

49 517 168 580 unxisse
194 519 363 593 eloquentia
391 517 432 578 Μ.
459 518 575 577 Tullius
595 519 755 593 confitetur,
776 521 839 596 quir

48 613 161 672 dubitet
173 613 325 673 Platonem
344 631 407 673 esse
426 615 613 692 praecipuum,
627 615 687 674 sive
707 616 839 676 acumine

49 711 216 784 disserendi,
240 713 299 771 sive
323 713 473 788 eloquendi
501 712 636 771 facultate
658 713 754 772 divina
773 733 840 790 qua-

48 807 113 865 dam
127 817 157 865 et
177 807 353 867 Homerioai
393 810 514 867 multum
533 809 610 868 enim
630 827 714 886 supra
726 829 839 886 prosam

47 905 214 977 orationem,
241 915 270 963 et
296 923 381 981 quam
407 906 566 982 pedestrem
599 907 694 964 Greci
726 918 838 982 vocant,

47 1001 157 1078 surgit:
179 1011 211 1058 ut
224 1001 295 1058 mihi
308 1018 366 1059 non
380 1001 505 1060 hominis
518 1002 644 1080 ingenio,
655 1003 705 1061 aed
716 1003 839 1079 quodam

47 1095 191 1173 Delphico
203 1098 333 1156 rideatur
352 1099 469 1157 oraculo
489 1098 648 1157 instinctus.
688 1099 736 1157 82
756 1097 839 1162 Quid

46 1211 100 1270 ego
111 1211 333 1251 commemorem
341 1193 534 1272 Xenophontis
543 1194 620 1252 illam
631 1194 838 1270 jucunditatem

46 1288 247 1361 ineffectum,
259 1289 312 1348 aed
335 1307 419 1365 qnam
440 1289 520 1346 nulla
539 1289 675 1363 consequi
697 1289 838 1348 affectatio

45 1388 155 1461 possiti
196 1397 227 1443 ut
246 1386 314 1462 ipsae
341 1403 501 1444 sermonem
527 1384 642 1442 finnmse
668 1385 773 1442 Gratiae
799 1384 839 1442 vi·

46 1483 176 1554 deantur,
199 1493 236 1554 et,
258 1482 334 1558 quod
361 1480 397 1540 de
423 1481 536 1539 Pericle
562 1480 665 1538 veteris
691 1481 838 1539 oomoediae

46 1579 241 1637 testimonium
268 1587 320 1649 est,
349 1578 378 1635 in
404 1577 482 1635 huno
508 1576 653 1634 transferri
684 1576 838 1654 justissime

45 1675 143 1750 possit,
154 1675 184 1732 in
199 1674 285 1732 labris
298 1675 359 1750 ejus
373 1674 480 1732 sedisse
493 1674 635 1748 quandam
649 1671 838 1750 persuadendi

46 1772 137 1828 deam.
179 1770 226 1828 83.
246 1769 329 1832 Quid
356 1769 529 1844 reliquorum
555 1769 763 1826 Socraticorum
783 1768 839 1826 ele·

45 1867 195 1944 gantiam?
235 1866 317 1928 Quid
338 1865 537 1923 Aristotelem?
562 1883 646 1940 quern
667 1864 766 1922 dubito
785 1864 839 1922 soi·

45 1963 124 2020 entia
144 1981 250 2035 rerum,
272 1982 307 2020 an
328 1963 497 2038 scriptorum
517 1961 610 2036 oopia,
631 1980 668 2018 an
688 1959 838 2036 eloquendi

44 2059 195 2130 suavitate,
212 2077 247 2116 an
268 2058 464 2115 inventionum
486 2056 627 2127 acumine,
649 2074 685 2112 an
704 2056 838 2112 varietate
894 2063 897 2068 '

44 2175 175 2231 operum,
191 2155 339 2212 clariorem
352 2163 458 2229 putem.
500 2151 577 2208 Nam
597 2151 627 2208 in
647 2150 839 2226 Theophrasto

43 2263 104 2309 tam
118 2262 162 2309 est
175 2251 309 2325 loquendi
321 2249 396 2307 nitor
407 2250 455 2306 ille
466 2249 588 2316 divinus,
599 2257 631 2303 ut
641 2265 676 2303 ex
689 2264 724 2303 eo
734 2264 838 2302 nomen

44 2365 161 2422 quoque
187 2346 307 2404 traxisse
334 2345 453 2402 dicatur.
500 2343 548 2409 84.
569 2341 668 2398 Minus
694 2340 839 2399 indulsere

43 2443 217 2519 eloquentius
251 2443 343 2499 Stoici
376 2452 501 2499 veteres:
536 2438 586 2495 sed
620 2457 687 2495 oum
720 2438 838 2496 honesto

44 2550 208 2610 suaserunt,
223 2550 284 2596 tum
305 2539 335 2596 in
357 2535 520 2614 colligendo
539 2534 753 2611 probandoque,
775 2553 839 2610 quar

43 2637 239 2707 instituerant,
259 2635 414 2712 plurimum
441 2633 606 2690 valuerunt:
634 2631 718 2688 rebus
743 2641 837 2689 tamen

44 2733 126 2790 acuti
146 2732 248 2808 magis,
269 2751 364 2807 qnam,
385 2730 414 2787 id
434 2729 510 2804 quod
530 2747 599 2786 sane
618 2746 676 2785 non
697 2727 839 2799 affectant,

42 2825 178 2884 oratione
192 2824 346 2902 magnifici.

84 2921 135 2979 85.
162 2921 243 2979 Idem
258 2921 342 2978 nobis
355 2939 406 2996 per
419 2917 570 2975 Romanos
583 2933 696 2991 quoque
710 2923 839 2970 auctores

41 3018 120 3077 ordo
133 3015 284 3076 ducendus
297 3025 348 3075 est.
389 3014 489 3089 Itaque
503 3022 535 3070 ut
555 3010 628 3086 apud
649 3009 713 3065 illos
732 3005 838 3062 Home·
