1984 3342
227 249 308 302 mstt
325 249 463 298 ouum
484 249 546 298 Lm
564 251 646 298 ω
775 241 833 302 ltu

42 396 78 453 de
103 397 295 476 aurigatione,
322 399 443 472 militiu;
476 401 521 459 rel
547 417 584 460 ex
614 401 702 460 verbe
727 402 831 477 alique.

44 490 117 550 Nem
138 494 225 554 etiarn
245 497 419 569 exuidentes,
434 497 521 556 nnius
540 498 734 556 admonitione
752 499 832 556 verbi

44 587 72 646 iu
96 591 263 650 memmium
289 601 473 672 reponuntur.
527 594 574 652 su
599 605 693 652 nutem
719 595 833 672 signnm

43 686 239 764 navigationis,
260 699 292 746 ut
318 708 438 760 nnsora3
466 690 585 762 militias,
606 703 638 748 ut
665 691 772 766 aliquid
796 709 834 750 err

43 783 134 842 armis.
175 785 222 844 20.
244 785 318 844 Hae
338 785 377 844 its
396 787 537 862 digerunt.
576 787 705 844 Primum
718 805 834 846 sensum

42 879 182 938 vestibulo
208 882 288 955 quasi
316 882 469 958 assignant,
490 883 649 940 seeundum
669 884 751 954 atrio,
771 895 834 942 tum

43 975 179 1052 impluvia
204 977 392 1049 eircumeunt‚
420 997 476 1036 nee
502 979 646 1037 cubiculis
670 981 757 1038 medo
784 990 834 1038 aut

41 1072 163 1144 exedris,
177 1073 227 1131 sed
247 1074 347 1132 statuis
367 1075 453 1133 etiarn
473 1075 671 1150 similibusque
689 1094 740 1151 per
758 1077 834 1134 ordi·

42 1187 106 1226 nem
120 1169 310 1228 committunt.
343 1171 418 1228 'lloe
432 1172 518 1242 facto,
532 1191 599 1228 euru
618 1182 662 1230 est
680 1172 835 1247 repetenda

42 1266 188 1338 memoria,
203 1266 344 1342 incipiunt
358 1269 392 1324 ab
406 1269 489 1328 initio
508 1269 573 1326 lona
591 1269 654 1325 hee
672 1285 832 1339 mansere,

41 1373 78 1432 et,
93 1363 171 1438 quod
185 1363 288 1438 suique
302 1365 492 1435 erediderunt,
507 1374 669 1439 reposcunt,
683 1372 716 1421 ut
734 1381 833 1421 eorum

41 1461 167 1538 imagine
194 1462 394 1526 admonentur:
422 1463 463 1520 ite
481 1463 637 1538 quamlibet
655 1462 745 1520 multa
764 1461 831 1534 sint,

41 1575 161 1634 quorum
175 1558 337 1622 meminisse
348 1569 483 1634 oporteat,
494 1559 567 1616 liunt
579 1559 692 1636 singule
703 1577 835 1616 eonnexe

41 1655 164 1729 quodum
185 1655 282 1726 ebore,
296 1675 333 1714 ne
353 1667 448 1714 errent
468 1657 674 1732 conjungentes
691 1656 834 1731 prioribus

40 1751 190 1828 sequentia
215 1751 276 1810 solo
301 1753 447 1812 ediscendi
474 1753 579 1810 labore.
618 1755 667 1811 21.
686 1753 777 1815 Quod
797 1753 834 1811 de

42 1848 128 1909 domo
148 1847 217 1915 dixi,
232 1859 260 1906 et
281 1849 311 1906 in
331 1849 466 1924 operibus
485 1849 618 1925 publicis,
632 1861 661 1907 et
681 1851 712 1907 in
731 1849 834 1907 itinere

41 1944 139 2021 lengo,
154 1955 186 2002 ut
200 1945 312 2003 urbium
327 1945 444 2016 ambitu,
458 1956 487 2003 et
506 1946 635 2021 picturis,
649 1947 711 2004 fieri
730 1956 831 2020 potest

41 2037 135 2100 Etiam
151 2041 259 2118 fingere
272 2042 326 2099 sibi
340 2042 392 2098 has
411 2042 552 2118 imagines
571 2042 646 2099 lieet.
687 2041 770 2115 Opus
789 2051 834 2098 est

40 2155 110 2214 argu
137 2137 218 2209 loeis,
245 2156 308 2212 quae
334 2138 378 2195 rel
405 2137 560 2213 linguntur,
587 2137 631 2193 vel
663 2145 832 2192 sumuntur:

41 2233 224 2310 imaginibus,
245 2234 288 2292 vel
309 2233 478 2302 simulacris,
500 2251 563 2306 qum
581 2232 681 2306 utique
700 2230 835 2307 fingenda

39 2340 115 2388 sunt.
157 2327 300 2406 Imagines
313 2340 386 2388 netae
401 2337 476 2398 sunt,
498 2327 601 2402 quibus
620 2347 663 2397 ee,
677 2346 741 2402 qna
760 2327 834 2384 edis·

41 2426 135 2484 nenda
153 2436 228 2496 sunt,
242 2436 389 2483 notamus:
410 2433 451 2494 ut,
465 2423 609 2498 quomedo
628 2423 734 2481 Cicero
752 2423 833 2494 dinit,

41 2524 108 2582 locis
131 2541 188 2598 pro
214 2541 288 2593 cere,
316 2521 474 2580 simulacris
496 2539 553 2596 pro
580 2521 684 2578 litteris
709 2529 833 2579 utmuur.

39 2621 86 2678 22.
108 2619 186 2678 Illud
206 2637 320 2693 quoque
347 2617 382 2676 ud
408 2617 526 2674 verbum
550 2635 667 2692 ponere,
694 2618 835 2692 optimum

39 2717 143 2776 suerit:
182 2715 268 2774 Locis
301 2723 342 2772 est
373 2713 506 2774 utendum
530 2714 636 2785 multis,
663 2713 833 2784 illustribus,

41 2811 201 2889 explicatis,
215 2810 329 2870 medicis
348 2810 529 2878 intervallis:
549 2810 723 2885 imaginibus
743 2819 835 2868 aulem

39 2908 203 2984 agentibus,
218 2907 341 2978 acribus,
355 2907 515 2980 insignitis,
528 2925 592 2981 que
602 2925 756 2975 ecculm,
769 2905 834 2961 ule·

40 3007 168 3086 rueme
188 3011 337 3083 perium
355 3001 479 3064 ιηὶω
492 3003 614 3078 possint
651 2999 726 3062 Qu
742 2996 854 3073 muit-
