1984 3342
234 207 475 258 titanorum
494 206 558 256 niu.
576 205 609 255 Χ.
626 207 649 254 ³.
800 199 843 260 ω

10 375 12 406 t
50 359 105 420 Sed
128 368 189 419 tum
215 358 348 430 marinio,
369 375 436 418 cura
464 358 587 418 facoltra
606 357 658 417 illa
678 357 842 436 contigerit,

49 457 217 528 resistamus,
230 466 263 515 ut
281 456 491 532 provideamus,
512 466 542 515 et
561 455 734 516 ferocientes
753 475 844 533 Quor

49 554 131 612 frenis
157 553 328 630 quibusdem
356 557 561 612 coerceamus:
595 554 672 629 quod
698 571 757 614 non
782 565 843 613 tam

49 669 150 709 moram
172 650 268 722 faciet,
290 669 376 726 quam
400 669 489 709 novoe
512 651 636 728 impetur
654 651 742 709 dabit
783 651 845 710 No·

49 767 100 824 que
131 748 209 806 enim
241 765 339 806 rursus
373 765 432 819 eoa,
465 748 516 822 qui
547 749 635 806 robur
670 748 786 824 aliquod
812 749 843 807 in

48 845 111 903 etilo
130 845 260 916 fecerint,
282 845 317 904 ad
339 845 483 904 infelicem
505 846 701 905 calumniandi
728 864 760 904 ae
784 865 844 922 por-

48 960 111 1000 nam
132 941 290 1019 alligandos
309 951 388 1018 puto.
431 943 476 1001 11.
498 941 576 1000 Nam
596 943 742 1018 quomodo
766 943 844 1002 ruffi·

47 1057 111 1096 cere
136 1038 239 1097 officiis
266 1038 398 1098 civilibus
421 1039 526 1116 possit,
546 1041 597 1116 qui
624 1039 747 1118 singulis
774 1041 845 1098 acti·

47 1154 131 1194 ouum
150 1135 278 1212 partibus
299 1136 480 1195 insenescatf
521 1137 598 1195 Sunt
617 1148 723 1208 autem,
737 1137 844 1212 quibua

46 1231 115 1290 nihil
129 1232 166 1290 rit
178 1233 262 1303 eatie;
284 1233 383 1291 omnia
396 1243 518 1304 mutare,
526 1233 626 1290 omnia
639 1233 722 1290 aliter
734 1231 843 1304 dicere,

46 1347 128 1403 quam
148 1330 285 1402 occurrit,
305 1330 410 1388 velint:
439 1330 582 1388 increduli
608 1329 735 1405 quidam,
757 1331 844 1393 etde

46 1423 161 1502 iugenio
177 1445 232 1484 auo
251 1427 375 1502 pfflime
395 1426 500 1498 meriti,
521 1426 571 1502 qui
591 1426 770 1504 diligentiam
790 1445 843 1503 pu·

45 1531 112 1594 tant,
125 1521 220 1582 facere
233 1523 287 1582 sibi
302 1523 447 1582 scribendi
461 1524 667 1582 difficultatem.
710 1526 755 1583 12
776 1523 845 1584 Nec

44 1630 186 1694 promtum
226 1631 270 1678 est
308 1621 415 1694 dicere,
445 1632 527 1680 utros
564 1639 687 1698 poecme
720 1623 845 1682 validior

44 1728 150 1791 putem,
176 1718 280 1792 quibu·
313 1719 410 1777 omnia
443 1738 495 1778 aue
521 1720 647 1796 placent,
676 1739 712 1777 an
739 1721 845 1796 quibua

45 1814 121 1874 nihil.
172 1815 293 1874 Accidit
320 1816 397 1874 euim
426 1817 586 1894 ingeniosis
613 1817 845 1875 adoleroentibue

44 1910 216 1988 frequenter,
226 1924 259 1972 ut
270 1915 368 1972 labore
382 1925 598 1986 consumantur,
610 1924 640 1972 et
653 1914 683 1972 in
697 1913 843 1972 silentium

44 2026 132 2086 neque
147 2010 324 2070 descendant
336 2011 427 2069 nimia
441 2012 515 2069 bene
536 2011 654 2068 dicendi
674 2010 843 2086 cupiditate.

42 2103 110 2168 Qua
118 2107 157 2165 de
168 2121 201 2166 re
210 2109 328 2166 memini
337 2127 467 2166 narrasse
475 2108 545 2165 mihi
557 2107 666 2165 lulium
676 2106 844 2164 Secundum

43 2202 132 2276 illum,
148 2205 286 2279 aequalem
302 2223 407 2278 meum,
424 2216 511 2280 atque
525 2223 542 2262 a
557 2223 613 2275 me,
627 2213 659 2261 ut
672 2213 772 2260 notum
788 2212 842 2275 eet,

43 2297 221 2359 familiariter
236 2311 372 2370 amatum,
384 2303 463 2360 mire
478 2301 623 2359 facundiae
636 2301 738 2372 uirum,
750 2300 845 2358 intini-

43 2405 75 2454 te
89 2408 190 2456 temen
204 2417 291 2470 curm,
307 2399 376 2474 quid
390 2412 465 2458 esset
479 2399 536 2456 sibi
550 2418 566 2456 a
585 2410 688 2475 patruo
709 2417 762 2456 suo
783 2398 845 2456 dic·

42 2505 108 2553 turn
154 2495 201 2554 13.
222 2495 252 2555 Is
279 2495 332 2554 fuit
358 2495 454 2554 Julius
481 2495 595 2568 Floras,
624 2496 654 2553 in
680 2496 845 2572 eloquentia

42 2589 211 2664 Galliarum,
239 2594 373 2668 quoniam
402 2593 443 2651 ibi
471 2593 588 2652 demum
614 2595 743 2652 exercuit
769 2613 843 2666 eam,

41 2688 186 2767 princepe,
202 2690 310 2766 alioqui
324 2691 397 2749 inter
410 2709 520 2768 paucos
541 2691 675 2764 disertus,
689 2700 719 2750 et
738 2691 846 2768 dignun

42 2780 88 2843 illa
114 2786 337 2864 propinquitate
378 2786 408 2844 Ie
436 2805 504 2845 curn
531 2788 709 2858 Secundum,
737 2786 844 2867 scholar

10 2957 11 2964 ἵ
42 2880 136 2942 adhuc
163 2895 323 2960 operatum,
344 2884 455 2942 tristem
477 2885 551 2942 forte
576 2884 703 2954 vidisset,
724 2883 846 2939 interro·

10 2965 13 2992 ³
40 2979 129 3054 gavit,
143 2999 211 3059 quar
223 2999 312 3042 cama
324 2981 431 3042 frantia
440 2992 502 3040 mm
515 2980 666 3039 mouent
708 2976 754 3034 14.
774 2972 843 3030 Nec
