1984 3342
232 251 314 302 lusu.
333 251 470 300 ORATOR.
490 251 552 300 tta.
570 251 614 300 xt
632 251 656 299 ³.
783 241 841 302 11⁹

82 399 163 460 Nam
182 411 215 460 ot
234 401 283 462 illa
309 402 469 476 emendata,
489 401 626 474 dilucida,
645 410 756 471 oruata,
776 408 842 477 apta

45 516 107 556 esse
122 498 223 556 debet:
245 499 285 556 ita
298 499 359 557 hmo
372 518 486 576 quoque
498 499 649 557 emendata
661 496 725 570 erit,
738 496 767 554 id
787 508 840 569 eat,

45 594 114 652 vitio
136 595 254 666 carebit,
269 596 294 652 ai
315 596 400 654 suerit
420 614 452 653 oa
473 595 567 668 saoile,
588 595 779 671 explanatum,
797 593 842 670 ju·

46 690 183 762 nundum,
204 692 353 763 urbanum,
374 691 404 748 id
430 701 482 761 est,
504 691 534 748 in
560 709 617 765 quo
642 689 722 747 nulla
747 707 841 764 nequo

44 786 191 843 rusticitas
204 805 296 861 neque
310 786 496 864 peregrinitas
510 795 632 845 resonet
672 784 741 843 Non
762 786 840 843 enim

44 881 106 938 aine
121 901 209 940 eausa
218 882 323 940 dieitur
334 883 484 940 barbarum
497 883 667 940 Groemmne.
701 882 748 940 31.
762 880 792 939 N
795 900 840 940 am

44 977 123 1035 sonis
143 977 282 1051 homines,
297 989 329 1036 ut
349 998 404 1037 era
423 979 539 1051 tinnitu,
553 977 754 1056 dignoscimus.
795 977 841 1037 Ita

45 1073 92 1131 fiet
107 1074 188 1146 illud,
203 1076 278 1150 quod
293 1073 404 1133 Ennius
416 1076 527 1151 probat,
542 1093 609 1133 oum
628 1075 700 1131 dicit
719 1075 841 1132 suauilo-

44 1171 143 1246 quenti
155 1190 201 1228 ore
217 1170 367 1246 Cethegum
378 1169 495 1248 fuisse.-
515 1189 573 1227 non
587 1170 663 1246 quod
684 1169 789 1228 Cieero
809 1170 840 1228 in

45 1266 89 1323 his
123 1266 313 1342 reprehendit,
341 1285 411 1342 quos
446 1267 485 1324 ait
518 1266 636 1336 latrare,
663 1285 717 1323 non
745 1285 838 1340 agere.

45 1363 121 1440 Sunt
141 1362 218 1420 enim
237 1363 327 1421 multa
352 1363 430 1435 vitia,
451 1362 487 1420 de
508 1362 612 1438 quibus
631 1361 701 1433 dixi,
722 1380 788 1419 oum
808 1361 839 1420 in

46 1457 167 1532 quadam
181 1457 266 1534 primi
279 1458 345 1515 libri
356 1469 437 1534 parte
449 1476 603 1534 puerorum
617 1476 667 1515 ora
677 1458 839 1530 formarem,
856 1524 859 1529 Ι

45 1555 232 1630 opportunius
264 1565 352 1627 ratus,
379 1555 410 1612 in
436 1573 470 1612 ea
496 1564 580 1612 aetate
605 1554 699 1611 faeere
726 1553 839 1611 illorum

43 1650 229 1724 mentionem,
244 1651 274 1709 in
288 1671 343 1728 qua
356 1652 501 1710 emendari
521 1661 647 1728 possunt.
688 1651 734 1710 32.
755 1649 840 1709 Item·

44 1765 100 1824 que
114 1747 140 1804 si
154 1748 214 1823 ipsa
226 1767 277 1804 vor
290 1747 413 1824 primum
427 1747 521 1820 fuerit,
536 1756 568 1805 ut
580 1748 624 1805 sie
636 1747 741 1819 diuam,
755 1767 838 1820 sarta,

42 1843 72 1900 id
99 1853 154 1916 est,
174 1843 284 1901 nullum
310 1862 419 1915 eorum,
440 1843 476 1902 de
502 1843 606 1920 quibus
631 1845 718 1902 modo
744 1844 838 1916 retuli,

41 1939 167 2016 patietur
188 1940 418 1998 incommodum:
439 1939 543 1997 deinde
562 1958 621 1997 non
634 1940 734 2011 surdo,
747 1939 839 2011 rudis,

42 2036 183 2108 immanis,
211 2035 295 2107 dura,
321 2035 430 2111 rigida,
457 2055 543 2107 varra,
564 2036 756 2111 praepinguis,
791 2045 840 2092 aut

42 2131 147 2202 tenuis,
162 2132 268 2203 inanis,
289 2131 401 2203 acerbo,
410 2132 531 2207 pusillo,
545 2130 645 2201 mollis,
660 2129 839 2207 efflmima:

41 2229 175 2306 spiritus,
189 2247 244 2285 neo
264 2227 366 2300 trevis,
379 2246 435 2285 neo
453 2245 555 2302 parum
567 2225 720 2296 durabilis
733 2243 789 2282 neo
807 2225 839 2282 ia

40 2331 155 2400 receptu
169 2323 298 2400 diplcilis

81 2420 130 2477 33.
159 2418 300 2478 Dilucidu
320 2437 387 2476 vero
407 2418 460 2476 erit
473 2417 685 2494 pronunciatio,
704 2417 838 2493 primum,

40 2517 65 2574 si
81 2516 170 2574 rerba
183 2525 242 2574 tota
255 2516 386 2587 exierint,
401 2533 522 2590 quorum
535 2533 600 2591 pars
620 2514 760 2586 deuorari,
774 2533 839 2589 pars

40 2611 162 2670 destitui
176 2612 256 2682 solet,
264 2611 407 2688 plerisque
420 2621 560 2668 extremas
570 2611 692 2686 syllabas
705 2629 764 2667 non
777 2629 840 2687 per·

40 2707 210 2779 serentibus,
224 2708 292 2764 dum
304 2708 430 2783 priorum
450 2705 697 2783 sono'indulgent.
738 2705 778 2763 Ut
796 2716 839 2764 eat

41 2816 140 2864 autem
154 2806 316 2863 necessaria
328 2806 480 2863 verborum
493 2805 665 2882 explanatio,
678 2804 720 2862 ita
739 2821 839 2862 omnen

39 2903 185 2978 imputare
205 2912 234 2958 et
253 2901 330 2959 velut
351 2919 537 2959 annumerare
556 2901 673 2970 litteras,
688 2899 837 2955 molestum

40 3008 70 3056 et
84 2997 225 3055 odiosum.
266 2998 313 3056 34.
334 2995 411 3054 Nam
431 3006 460 3054 et
480 2996 592 3054 rooales
611 2991 837 3068 frequentissima
