1984 3342
135 161 175 222 68
356 168 391 216 M.
408 168 476 214 rae.
497 166 702 223 eumeniam

138 319 182 378 12.
205 318 263 376 Sed
277 317 325 376 hic
339 337 408 376 usus
422 317 462 376 ita
473 317 610 395 proderit,
624 317 648 376 si
662 336 706 389 ea,
721 315 757 374 de
769 336 828 393 qua
839 317 930 376 locuti
971 298 972 307 ἵ

135 433 243 487 sumus,
259 433 302 472 ars
317 415 510 486 antecesserit,
522 425 553 472 ut
566 415 659 490 ipsum
673 414 752 485 illud,
764 415 841 489 quod
856 415 887 472 in
900 433 931 472 se
971 430 972 511 p

135 514 274 570 rationem
294 513 467 584 nonhabet,
489 514 649 570 iuratione
675 524 810 570 versetur.
851 513 929 570 Nam

134 609 204 666 mihi
218 629 254 667 ue
268 610 363 668 dicere
377 610 491 685 quidem
505 610 624 680 ridetur,
639 609 694 666 nisi
712 608 761 683 qui
782 609 929 683 disposite,

134 717 242 776 ornate,
264 707 379 782 copiose
406 706 486 777 dicit,
507 706 558 762 sed
577 705 756 762 tumultuari:
801 704 846 762 13.
874 723 929 762 nec

134 804 241 862 fortuiti
274 804 424 862 sermonis*
445 814 608 862 contextum
641 803 765 860 mirabor
793 823 927 878 unquam,
971 792 972 851 l

134 919 218 975 quem
241 901 422 977 jurgantibus
449 901 535 958 etiam
555 900 734 957 mulierculis
753 900 927 975 superfluere

133 996 229 1054 video:
258 1015 323 1054 cum
344 1015 379 1054 eo
399 998 485 1072 quod,
507 997 531 1054 si
551 997 629 1053 calor
649 1015 684 1054 ac
709 996 826 1071 spiritus
852 996 926 1066 tulit,

133 1092 293 1168 frequenter
322 1093 435 1164 accidit,
457 1103 488 1151 ut
515 1111 680 1150 successum
706 1092 926 1167 extemporalem
971 1120 972 1175 ι

133 1192 270 1268 consequi
304 1210 373 1249 cura
405 1211 463 1249 nou
496 1191 593 1266 possit
648 1190 694 1247 14.
728 1189 824 1247 Deum
857 1199 926 1246 tuuc
971 1194 973 1261 l

134 1289 256 1361 affuisse,
278 1308 344 1346 curn
371 1288 400 1346 id
428 1288 577 1358 evenisset,
603 1297 713 1344 veteres
738 1297 875 1358 oratores,
897 1297 927 1342 ut

132 1385 237 1442 Cicero
252 1387 299 1456 ait,
314 1385 490 1442 dictitabant.
533 1383 590 1441 Sed
611 1382 685 1440 ratio
705 1382 856 1440 manifesta
875 1393 925 1440 est
971 1376 972 1393 ¹

132 1479 207 1538 Nam
230 1482 303 1538 benc
323 1481 456 1554 concepti
477 1481 595 1538 affectus
621 1489 650 1537 et
676 1489 805 1536 recentes
830 1497 925 1536 rerum

133 1575 272 1650 imagines
287 1575 424 1632 continuo
439 1575 546 1650 impetu
560 1576 698 1646 seruntur,
713 1594 776 1650 quae
795 1594 926 1632 nonnuu·

82 1712 84 1717 -
133 1689 217 1746 quam
231 1670 381 1728 morastili
395 1671 593 1747 refrigescunt,
607 1682 636 1730 et
650 1672 815 1729 dilatranon
834 1690 926 1730 rerer·

131 1775 237 1823 tuntur.
278 1765 383 1841 Utique
409 1785 477 1824 vero
504 1785 570 1824 cum
590 1768 689 1825 infelix
708 1768 757 1824 illa
775 1769 926 1825 verborum
971 1764 973 1791 ³

132 1864 273 1922 cavillatio
295 1864 423 1935 accessit,
445 1875 473 1922 et
500 1884 599 1922 cursus
620 1867 655 1924 ad
675 1867 789 1943 singula
807 1867 935 1943 vestigia.

130 1960 243 2032 restitit,
258 1980 315 2018 non
329 1971 420 2036 potest
434 1961 502 2018 ferri
515 1972 645 2019 contorta
663 1962 715 2033 vis,
730 1963 789 2033 sed,
803 1972 836 2019 nt
856 1963 926 2038 opti-

130 2075 176 2114 me
190 2075 293 2115 vocum
308 2058 483 2135 singularum
494 2057 578 2116 cedat
588 2058 700 2131 electio,
709 2077 767 2116 nou
778 2058 923 2130 continua,

131 2153 181 2211 sed
195 2154 351 2230 composita
365 2163 415 2210 est.

171 2251 216 2307 15.
243 2250 344 2312 Quare
357 2249 503 2324 capiendae
517 2261 583 2308 sunt
596 2249 661 2321 illae,
675 2251 712 2308 de
731 2251 835 2327 quibus
855 2251 923 2322 dixi,

131 2363 224 2402 rerum
246 2345 393 2422 imagines,
408 2366 477 2421 quas
498 2347 594 2404 vocari
614 2354 768 2416 φαντασίας
788 2347 924 2406 indicavi·

130 2459 203 2510 mus,
218 2440 379 2516 omniaque,
394 2442 429 2499 de
444 2443 547 2518 quibus
571 2443 676 2499 dicturi
698 2443 815 2514 erimus,
828 2463 924 2519 perso·
971 2502 972 2505 ,

129 2553 182 2606 nce,
198 2535 370 2612 questiones,
385 2558 456 2614 spes,
470 2547 567 2610 metus,
582 2539 713 2596 habende
732 2539 763 2596 in
775 2541 878 2612 oculis,
894 2542 923 2598 in

131 2631 248 2689 affectus
268 2633 438 2708 recipienda.
479 2634 586 2692 Pectus
605 2647 648 2692 est
674 2635 760 2707 enim,
780 2637 858 2712 quod
884 2637 925 2694 di-
971 2685 973 2688 ,

129 2739 218 2785 sertos
229 2728 306 2800 facit,
316 2739 344 2787 et
357 2729 399 2787 vis
414 2729 524 2787 mentis.
565 2729 691 2806 Ideoque
704 2732 842 2808 imperitis
856 2753 925 2809 quo-
971 2710 973 2815 l

130 2841 194 2899 que,
209 2825 333 2882 simodo
352 2837 418 2884 sunt
439 2826 534 2901 aliquo
554 2825 657 2883 affectu
677 2829 823 2896 concitati,
840 2832 925 2889 verba
971 2826 973 2857 ²

130 2939 188 2981 uon
202 2921 310 2984 desunt
353 2923 398 2982 16.
419 2922 499 2982 Tum
518 2923 709 2997 intendepdns
729 2924 851 3000 animus,
865 2946 925 2986 non
971 3002 973 3011 Ι
