1984 3342
243 221 480 272 truncantur,
501 224 648 272 rasni.
805 215 844 278 19

47 386 173 446 prem
203 370 349 448 jucundus
381 383 410 432 et
435 374 540 452 gravis
568 384 630 432 turn
660 373 754 449 copia,
779 382 843 434 tam

48 467 187 526 brevitate
200 468 353 528 mirabilis:
373 487 429 528 neo
442 470 559 546 poetica
570 470 667 542 modo,
680 469 731 527 scal
749 479 843 528 orato·

46 564 90 622 ria
97 563 202 622 virtute
211 566 458 624 eminentissimus.
500 568 547 624 47.
568 565 599 624 N
601 586 646 624 arn
659 575 692 624 ut
702 566 740 624 (le
752 565 843 625 laudi-

47 660 111 732 bus,
146 661 399 734 exhortationibus,
434 662 679 721 consolationibus
711 673 841 722 taccam:

47 775 145 814 nonne
164 757 207 814 rel
228 776 321 815 nonus
341 759 422 830 liber,
444 779 502 834 quo
527 760 614 816 missa
641 759 676 816 ad
696 759 842 818 Achillem

46 853 154 930 legatio
175 854 347 926 continetur,
363 855 405 912 val
428 856 457 912 in
476 856 570 931 primo
591 855 664 913 inter
684 855 772 913 duces
792 855 842 914 illa

46 949 205 1021 contentio,
220 950 263 1008 vel
278 951 362 1008 dictae
377 951 406 1008 in
421 952 549 1008 secundo
570 952 727 1023 sententis,
741 969 842 1010 omnes

46 1046 141 1103 litium
163 1064 196 1102 ac
217 1047 402 1104 consiliorum
424 1047 567 1123 explicant
587 1049 682 1106 artesl
722 1048 769 1106 48.
791 1047 842 1106 At

46 1143 140 1200 sectus
153 1143 278 1216 quidem,
292 1144 336 1200 vel
351 1143 413 1202 illos
427 1145 520 1216 mites,
534 1144 578 1202 rel
599 1144 651 1201 hos
671 1145 841 1216 concitatos,

46 1259 133 1296 nemo
146 1239 201 1296 erit
214 1248 272 1296 tarn
286 1241 429 1311 indoctus,
444 1242 566 1315 quinon
580 1241 610 1297 in
631 1259 683 1296 sua
700 1249 842 1314 potestate

46 1336 125 1393 huno
139 1345 284 1394 auctorem
299 1336 431 1394 habuisse
445 1337 574 1393 fateatur.
616 1336 681 1412 Age
694 1353 772 1405 vero,
783 1353 842 1392 non

46 1431 195 1504 utriusque
209 1430 302 1505 operis
316 1431 461 1507 ingressus
474 1430 505 1487 in
518 1429 699 1505 paucissimis
712 1428 842 1488 versibus

45 1527 138 1604 legem
158 1527 370 1602 prooemiorum,
391 1545 449 1584 non
469 1527 547 1597 dico,
561 1526 691 1597 servarit,
705 1525 755 1584 sed
775 1544 842 1583 con-

46 1623 159 1682 stituitl
200 1622 277 1681 Nam
292 1624 461 1682 benevolum
482 1602 641 1681 auditorem
662 1623 843 1681 invocatione

46 1720 175 1790 dearum,
191 1738 262 1795 quas
281 1719 434 1794 praesidere
454 1720 566 1777 vatibus
586 1720 727 1776 creditum
746 1730 798 1790 est,
813 1728 843 1776 et

46 1816 189 1874 intentum
201 1815 346 1891 proposita
356 1833 449 1872 rerum
462 1815 668 1892 magnitudine,
679 1827 708 1872 et
718 1815 843 1873 docilem

45 1931 158 1970 summe
167 1912 297 1970 celeriter
312 1912 519 1990 comprehensa
530 1913 607 1971 iacit.
648 1913 696 1970 49.
717 1911 843 1970 Narrare

44 2028 112 2068 vcro
139 2009 205 2086 quis
236 2009 360 2080 brevius,
387 2027 474 2084 quarn
500 2009 557 2084 qui*
576 2018 697 2066 mortem
722 2007 843 2066 nunciat

44 2105 184 2178 Patrocli,
212 2105 276 2180 quis
302 2105 512 2182 significantius
543 2113 646 2180 potest,
673 2122 758 2178 quam
791 2101 842 2177 qui

43 2202 186 2260 Curetum
206 2201 424 2277 AEtolorumque
450 2200 583 2276 proelium
601 2199 738 2274 expositi
778 2196 844 2257 Jaut

43 2297 257 2368 similitudines,
273 2297 518 2374 amplificationes,
533 2296 674 2371 exempla,
687 2295 843 2372 digressus,

41 2394 127 2472 signa
139 2413 235 2452 rerum
248 2404 277 2452 et
288 2403 462 2472 argumenta,
471 2378 623 2468 ceteraque
633 2410 696 2467 que
707 2389 845 2468 probandi

43 2509 80 2548 ac
93 2491 239 2550 refutandi
252 2501 329 2562 sunt,
345 2491 385 2548 ita
399 2490 498 2561 mults,
513 2499 545 2548 ut
558 2490 655 2562 ctiam,
669 2489 718 2564 qui
731 2487 768 2546 de
781 2487 847 2546 arti·

42 2587 98 2644 bus
108 2586 292 2663 scripserunt,
302 2586 418 2662 plurimi
428 2583 530 2644 harum
543 2603 641 2644 rerum·
650 2584 846 2644 testimonium

43 2685 82 2742 ab
102 2685 160 2742 hoc
178 2690 265 2761 poeta
278 2694 384 2762 petant.
426 2687 472 2744 50.
493 2683 572 2742 Nam
584 2684 716 2762 epilogus
729 2683 845 2758 quidem

43 2781 111 2857 quis
124 2799 250 2857 unquam
260 2781 365 2858 poterit
376 2780 432 2838 illis
442 2780 551 2838 Priami
560 2781 687 2858 rogantis
700 2779 844 2836 Achillem

41 2878 181 2953 precibus
208 2878 334 2952 aquarii
373 2877 476 2940 Quidl
503 2877 534 2934 in
561 2876 665 2948 verbis,
685 2874 843 2943 sententiis,

42 2973 156 3056 figaria
170 2973 358 3053 disposition
374 2973 464 3034 totius
483 2973 589 3051 operis,
608 2989 705 3032 ucuac
724 2967 842 3028 humaui
