1984 3342
144 229 185 291 28
366 222 718 295 rr.rss.oum·r1arsn1
773 193 777 202 ’

146 407 204 460 rus,
231 388 274 448 sic
307 387 381 464 apud
413 407 466 446 nos
504 387 645 463 Virgilius
680 385 935 463 auspioatissimuur

147 485 257 544 dederit
269 484 426 556 exordium,
435 485 564 542 omnium
577 485 638 560 ejus
650 483 765 561 generis
776 486 935 562 poitarum,

148 581 313 640 Graecorum
333 591 559 656 nostrorumque,
580 580 656 639 haud
676 579 763 638 dubie
782 579 936 655 proximus.

147 677 194 734 86.
222 675 292 736 Utor
306 676 381 735 enirn
396 677 488 736 verbis
503 677 614 747 iisdem,
628 695 691 752 quae
705 693 742 734 ex
753 675 827 732 Afro
839 673 938 732 Domi·

147 772 189 830 tio
206 771 318 850 juvenis
338 773 454 850 excepi:
475 772 525 848 qui
544 772 615 830 milri
635 770 832 849 interroganti,
854 787 936 845 quem

148 867 276 926 Homero
303 870 431 926 crederet
457 869 580 928 maxime
607 867 753 939 accedere,
781 866 936 935 Soandos,

148 963 250 1040 inquit,
264 973 306 1024 ert
326 965 477 1042 Virgilius,
487 965 609 1042 propior
629 973 721 1022 tameo
735 963 840 1040 primo,
854 981 937 1040 quom

148 1061 240 1120 tertio.
281 1061 319 1120 Et
338 1061 455 1120 hercule
475 1071 507 1120 ut
528 1060 569 1118 illi
590 1071 698 1120 nature
719 1059 828 1117 ooelesti
856 1069 938 1134 atque

149 1156 301 1220 immortali
321 1156 500 1230 cesserimus,
514 1157 555 1216 ita
574 1175 651 1215 curre
671 1165 700 1214 et
719 1155 875 1232 diligentiae
897 1155 937 1214 vel

149 1253 215 1314 ideo
229 1253 259 1311 in
272 1253 328 1311 hoc
341 1253 406 1332 plus
419 1263 472 1325 est,
487 1252 564 1328 quod
578 1251 606 1310 ei
627 1251 681 1308 fuit
700 1251 791 1328 magis
811 1249 939 1309 laboran-

149 1349 236 1410 dum:
258 1361 285 1408 et
300 1361 437 1426 quantum
451 1349 643 1408 eminentibus
656 1347 805 1417 vincimur,
820 1347 939 1404 sortasse

149 1446 307 1521 equalitate
332 1464 490 1522 pensamus.
531 1445 578 1502 87.
600 1443 698 1502 Ceteri
730 1461 830 1500 omnes
855 1443 939 1519 longe

149 1551 308 1614 sequentur.
350 1540 425 1598 Nam
439 1540 539 1598 Macer
551 1550 580 1596 et
590 1539 741 1598 Lucretius
752 1539 867 1615 legendi
881 1538 940 1614 qui·

149 1636 224 1707 dem,
239 1635 359 1692 sednon
379 1645 411 1692 ut
429 1635 555 1710 phrasin,
569 1635 598 1692 id
613 1646 665 1707 est,
680 1654 785 1711 corpus
807 1635 940 1710 eloquen-

149 1731 197 1788 tiae
217 1731 336 1788 saciant:
365 1731 510 1807 elegantes
530 1731 560 1787 in
578 1750 630 1789 sua
660 1731 779 1806 quisque
812 1732 940 1802 materia,

150 1825 199 1885 sed
215 1826 282 1883 alter
297 1825 420 1898 humilis,
434 1826 502 1884 alter
516 1826 648 1885 difficilis.
690 1827 833 1884 Atacinus
849 1827 941 1884 Varro

151 1922 180 1980 in
205 1922 250 1988 iis,
270 1940 320 1997 per
340 1941 403 1997 quae
423 1941 529 1980 nomen
555 1933 598 1980 est
625 1933 781 1995 assecutus,
802 1923 941 1999 interpres
977 1994 978 2001 ἵ

151 2018 245 2094 operis
265 2018 359 2091 alieni,
373 2037 431 2076 nou
451 2019 627 2094 spernendus
647 2019 772 2094 quidem,
786 2038 886 2077 verum
907 2019 941 2077 ad
977 2040 978 2043 ¹

153 2115 309 2192 aagendam
336 2115 500 2173 facultatem
527 2115 642 2172 dicendi
668 2134 768 2190 parum
802 2116 940 2191 locuples.
977 2122 979 2211 i

151 2212 198 2270 88.
219 2211 357 2282 Ennium,
372 2211 447 2268 sicut
461 2230 558 2268 sacros
577 2220 717 2268 vetustate
736 2211 829 2281 lucos,
844 2212 943 2269 adore·
977 2216 979 2337 J

152 2325 224 2377 mus,
247 2306 275 2362 in
302 2306 405 2380 quibus
432 2305 552 2380 grandia
571 2315 599 2362 et
620 2305 736 2380 antiqua
755 2307 860 2363 robora
883 2306 941 2382 jam
977 2340 978 2385 3

153 2418 210 2458 non
225 2411 331 2457 tentam
345 2401 450 2458 liabent
465 2402 599 2477 speciem,
614 2411 747 2476 quantam
763 2403 941 2478 religionem.
977 2394 978 2459 l

152 2496 302 2571 Propiores
324 2497 381 2567 alii,
402 2506 485 2571 atque
508 2497 542 2554 ad
567 2498 632 2568 hoc,
650 2498 686 2554 de
707 2517 764 2572 quo
787 2499 942 2573 loquimur,

153 2592 243 2668 magis
256 2592 347 2650 utilesr
389 2592 527 2650 Lascivus
541 2593 656 2667 quidem
678 2595 707 2651 in
728 2594 853 2652 heroicis
874 2613 944 2670 quo·

153 2707 208 2763 que
226 2688 357 2760 Ovidius,
372 2698 401 2747 et
413 2689 534 2747 nimium
549 2700 655 2747 amator
669 2691 780 2767 ingenii
800 2691 862 2748 sui:
884 2691 943 2748 lau·
977 2728 978 2751 ;

154 2783 263 2841 dandus
288 2795 383 2842 tamen
410 2786 545 2860 partibus.
596 2786 643 2842 89.
667 2787 814 2843 Corneli-us
848 2798 942 2845 autem
977 2786 978 2789 ’

154 2880 281 2951 Severus,
296 2881 405 2938 etiamsi
426 2881 601 2938 versificator
621 2900 705 2956 quam
724 2886 811 2957 polita
829 2884 942 2950 melior,
977 2806 979 2929 i

154 2977 295 3050 sitameu,
309 2987 341 3034 ut
360 2985 402 3036 est
422 2976 542 3049 dictum,
557 2976 592 3034 ad
612 2977 754 3052 exemplar
773 2977 859 3053 primi
879 2979 944 3039 libri
977 2998 978 3053 3

977 3064 979 3090 t
