1984 3342
136 253 204 314 1154
369 259 405 310 nr.
423 261 494 310 unu.
513 263 719 320 aurnumram
977 13 983 347 1

143 421 220 472 tores
232 421 314 471 recto
326 431 397 472 sono
413 413 529 490 jurarit,
543 431 598 471 nec
612 412 661 472 ille
674 411 794 470 Thebas
814 429 946 470 sermone
979 370 983 403 ⁴

143 509 266 569 deflerit.
309 511 374 570 169.
396 509 448 569 Est
462 511 507 570 his
520 512 633 570 diversa
644 530 709 584 ror,
723 524 752 569 et
764 529 848 588 paene
868 521 946 568 extra

145 623 296 685 organum,
318 607 366 665 cui
392 607 489 666 Graeci
509 627 615 666 nomen
636 607 840 665 amaritudinis
863 607 947 665 dede-
981 642 982 669 r

145 713 222 776 runt,
243 705 465 781 supermodum
487 723 522 762 ac
541 723 623 781 paene
642 716 775 763 naturam
796 704 878 762 vocis
898 704 947 762 hu·

145 819 238 860 manaa
266 802 386 860 acerba:
424 801 507 871 Quin
534 802 706 880 compescitis
733 821 823 859 uocem
850 802 946 871 istam,

145 895 267 956 indicem
293 899 435 970 stultitia,
464 905 560 956 testem
587 898 776 976 pmicitutis?
818 897 880 954 Sed
908 895 945 966 id,

147 994 224 1070 quod
244 996 383 1053 excedere
402 995 521 1052 modurn
541 994 611 1066 dixi,
632 994 662 1052 in
682 993 731 1052 illa
748 1003 830 1070 parte
856 993 947 1069 prima

146 1102 201 1164 eet,
218 1091 300 1161 Quin
314 1093 494 1170 compescitis.
537 1091 602 1150 17⁰.
625 1091 774 1168 Epilogus,
790 1089 815 1147 si
830 1108 947 1148 enume·
981 1168 982 1171 Ἴ

148 1189 289 1248 rationem
307 1207 403 1248 rerum
423 1188 519 1261 habet,
533 1188 676 1246 desiderat
696 1186 840 1263 quandam
853 1185 948 1244 conci-
981 1210 983 1264 3

147 1303 245 1344 aarum
259 1285 524 1356 continuationem
546 1283 570 1342 si
585 1284 621 1342 ad
636 1283 825 1341 concitandos
836 1282 947 1359 judiees
981 1282 982 1355 ς

149 1393 193 1441 est
207 1381 449 1454 accommodatus,
464 1381 572 1456 aliquid
584 1399 621 1439 ex
634 1381 679 1454 iis,
694 1399 757 1456 qum
771 1397 859 1455 supra
873 1377 945 1448 diri;

149 1479 175 1540 ei
202 1480 368 1558 placandos,
389 1479 556 1538 inclinatam
576 1479 720 1556 quandam
739 1477 905 1549 lenitatem3
926 1475 948 1533 si
981 1477 983 1551 f

150 1577 347 1636 misericordia
358 1574 589 1649 commovendos,
603 1575 710 1634 flexum
723 1574 812 1647 vocis,
827 1573 949 1632 etllebi·
981 1558 982 1619 ἶ

147 1673 207 1731 lem
228 1673 477 1747 suavitatemque
495 1672 640 1748 precipue
660 1672 830 1749 franguntur
851 1669 949 1741 animi,

148 1785 272 1844 quaque
285 1777 328 1825 est
340 1767 463 1825 maxime
476 1769 623 1826 naturalis.
664 1767 742 1826 Nam
756 1767 845 1826 etiam
865 1768 950 1824 orbos

151 1863 308 1939 viduasque
318 1863 415 1922 videas
425 1863 455 1920 in
466 1863 535 1940 ipsis
546 1865 692 1924 firneribus
705 1882 813 1922 canoro
826 1863 951 1941 quodam

152 1959 239 2021 modo
265 1959 482 2036 proclamantes.
526 1961 591 2019 171.
614 1961 674 2019 Hic
694 1960 779 2019 etiam
801 1961 883 2019 lusca
903 1959 952 2018 illa
981 1994 982 2007 2

152 2075 216 2132 vox,
231 2058 343 2135 qualem
364 2055 469 2116 Cicero
489 2057 577 2116 fuisse
597 2057 628 2116 in
641 2057 771 2116 Antonio
784 2059 867 2130 dicit,
881 2059 952 2116 mire

152 2155 253 2216 faciet:
267 2155 353 2213 habet
366 2153 444 2212 enim
458 2155 487 2212 in
499 2174 540 2228 se,
550 2156 626 2230 quod
640 2154 794 2212 imitamur.
837 2154 953 2231 Duplex

152 2263 196 2312 est
218 2263 314 2312 tamen
334 2250 496 2323 miserati03
526 2252 613 2310 altera
632 2270 700 2308 cum
720 2251 838 2322 invidia,
860 2251 952 2328 qualis

152 2348 238 2406 modo
251 2347 329 2406 dicta
343 2347 379 2405 de
393 2347 575 2407 damnatione
584 2340 764 2406 Philodami:
786 2347 877 2406 altera
886 2366 953 2404 eum
981 2346 982 2367 ³

153 2444 353 2520 deprecatione
367 2445 526 2504 demissior.
570 2445 635 2503 172.
656 2444 769 2517 Quare,
783 2444 898 2502 etiarnsi
913 2455 954 2502 est

153 2541 183 2601 in
205 2539 261 2598 illis
288 2559 402 2618 quoque
428 2553 531 2600 cantus
557 2541 715 2613 obscurior,
736 2540 775 2598 In
795 2549 869 2598 coetu
889 2559 953 2598 uero

153 2637 255 2717 populi
274 2637 421 2704 Romanis
448 2638 606 2696 nonenim
632 2638 695 2695 haec
721 2637 840 2694 rixantis
867 2637 955 2694 modo
981 2654 983 2734 p

154 2734 241 2792 dixit:
262 2744 300 2806 et,
318 2735 382 2802 Vos,
397 2734 511 2793 Albani
523 2735 626 2792 tumuli
632 2756 643 2799 ,·
664 2753 758 2809 neque
771 2734 860 2805 enim,
872 2735 955 2810 quasi

154 2831 333 2903 inclamaret,
343 2840 391 2888 aut
404 2840 566 2900 testaretur,
576 2829 690 2887 locutus
704 2841 761 2888 est:
781 2842 880 2888 tamen
894 2831 956 2888 infi-

154 2928 217 2986 nito
243 2927 334 3005 magis
360 2925 410 2984 illa
435 2924 564 2983 flexaet
590 2925 788 2984 circumducta
807 2936 886 2998 sunt,
907 2928 957 2985 Mc

185 3025 292 3100 meum,
305 3043 345 3084 me
358 3020 498 3101 infelicem
505 3043 516 3089 ,-
530 3033 569 3097 et,
581 3021 666 3093 Quid
676 3021 844 3098 respondeto
858 3023 958 3082 literis
