1984 3342
238 229 321 280 utsu.
339 229 476 280 omer.
496 232 557 283 uu.
576 233 620 282 Π.
638 233 658 280 t.
804 229 843 288 Π

53 399 115 442 rum
133 397 167 440 oe
184 378 303 457 judieii·
322 382 484 455 reservavit,
500 382 580 442 brevi
598 382 769 444 detrimento
785 384 845 462 jun

53 481 160 542 ultima
180 481 336 540 senectutis
357 501 447 542 mrum
462 484 624 542 aenulornm
636 485 765 544 omnium
778 505 846 544 oon·

53 589 176 638 renutua
220 580 264 638 11.
285 577 386 654 Itaque
406 580 535 656 quamvis
554 581 663 657 Lysiae,
677 583 727 657 qui
740 593 801 640 turn
814 583 845 642 in

53 673 176 734 dioendo
195 675 444 750 praestantissimus
464 675 630 749 habebatur,
650 677 846 738 defensionem
954 697 966 722 ·

54 769 92 828 itti
106 770 242 846 seriptum
256 771 414 842 obtulisset,
429 772 470 831 nti
484 791 519 830 ea
531 773 640 832 noluit:
661 793 728 832 oum
742 775 845 834 bonam

53 867 178 941 quidem,
191 868 241 926 aed
254 886 355 943 parum
368 868 423 926 sibi
437 869 663 942 eonvenientem,
681 872 844 949 judicasset.

51 963 123 1026 Quo
149 963 192 1022 vel
213 964 274 1024 solo
300 974 387 1039 patet,
407 983 465 1022 non
485 967 684 1041 persuadendi,
703 969 754 1026 aed
773 969 846 1027 bene

52 1059 166 1118 dioendi
181 1060 268 1118 finem
281 1059 311 1118 in
325 1071 437 1118 oratore
450 1063 631 1134 servandum,
645 1082 712 1122 oum
727 1045 847 1123 interim

51 1156 222 1232 persuadere
236 1157 363 1218 deforme
377 1158 421 1216 sit.
463 1158 492 1214 N
494 1178 533 1216 on
546 1160 600 1216 fuit
613 1160 669 1217 hoo
683 1160 753 1218 utile
767 1162 847 1218 abso·

50 1252 169 1311 lationi:
184 1255 244 1324 sed,
255 1254 332 1329 quod
345 1265 389 1312 est
403 1255 503 1330 majus,
515 1255 624 1312 homini
637 1256 700 1313 fuit.
742 1257 787 1313 12.
808 1255 847 1316 Bt

51 1367 102 1408 uos
128 1350 288 1408 seeundum
309 1369 489 1409 communem
510 1351 605 1426 potius
624 1352 759 1427 loquendi
779 1371 847 1411 oon-

50 1445 241 1517 suetudinem,
255 1465 338 1521 quam
353 1447 442 1522 ipsam
463 1448 590 1506 veritatis
599 1448 740 1526 regulam,
753 1449 848 1506 divisi·

50 1560 105 1600 one
119 1543 175 1598 hae
188 1542 304 1613 utimur,
320 1553 351 1600 ut
365 1544 400 1600 ab
414 1562 460 1615 eo,
475 1544 551 1618 qnod
572 1545 681 1616 donent,
695 1545 845 1604 utilitatem

50 1657 220 1714 separemus.
262 1639 327 1698 Nisi
348 1639 420 1698 sorte
440 1641 517 1716 prior
544 1641 593 1700 itte
612 1642 776 1714 Africanus,
797 1644 847 1720 qui

49 1736 139 1810 patrio
153 1736 266 1806 cedere,
281 1755 363 1810 qnam
378 1755 445 1794 oum
457 1737 573 1796 tribuno
586 1739 677 1814 plebia
689 1739 848 1807 humillimo

52 1831 228 1892 contendere
254 1831 290 1890 de
317 1832 482 1893 innocentia
508 1835 688 1907 ommutuit,
709 1826 855 1896 inutiliter

50 1929 104 1986 sibi
118 1928 229 1986 videtur
244 1929 440 1988 consuluisse:
462 1941 512 1987 ant
523 1931 556 1988 P.
571 1931 711 2001 Rutilius,
721 1933 764 1990 vel
779 1953 846 1992 oum

51 2025 99 2084 illo
113 2044 196 2102 paene
217 2025 368 2084 Socratico
387 2043 492 2103 genere
512 2027 687 2086 defensionis
705 2038 748 2085 eet
767 2047 845 2101 noua,

50 2123 91 2182 rel
121 2141 199 2194 eum,
227 2133 378 2182 revocante
404 2141 470 2181 eum
497 2123 529 2181 P.
557 2124 647 2194 Sulla,
674 2143 790 2183 manere
815 2126 846 2184 in

50 2219 138 2277 exilio
172 2217 283 2286 maluit,
319 2219 387 2294 quid
420 2220 475 2276 sibi
508 2220 630 2278 maxime
663 2220 846 2294 oonduoeret,

49 2314 206 2374 nesciebat.
250 2315 294 2372 13.
316 2314 357 2372 Hi
371 2333 437 2372 vero
458 2333 545 2390 parva
564 2314 622 2386 itta,
636 2333 699 2390 qum
719 2315 848 2392 abjectio

49 2411 142 2469 simun
155 2411 402 2486 quiequo'onimuo
415 2411 497 2469 utilia
510 2411 611 2478 eredit,
625 2411 650 2468 si
663 2431 730 2469 oum
744 2413 847 2472 virtute

50 2507 244 2579 conserantur,
272 2507 457 2583 despicienda
480 2507 697 2583 judicaverunt:
725 2508 846 2585 ideoque

48 2615 190 2680 perpetua
229 2603 391 2662 seculorum
433 2603 620 2662 admiratione
657 2604 845 2664 celebrantur.

49 2689 156 2776 Neque
169 2718 223 2758 nos
233 2700 323 2758 simne
336 2710 394 2760 tam
409 2699 540 2767 humiles,
554 2710 586 2758 ut
606 2719 670 2776 qum
688 2701 846 2774 laudamus,

49 2796 166 2854 inutilia
189 2795 348 2856 credamne.
404 2797 448 2854 14.
483 2795 543 2854 Sed
569 2798 625 2854 hoo
650 2797 847 2872 qualeounque

50 2893 207 2952 disorimeu
221 2911 285 2952 raro
299 2893 450 2952 admodum
471 2894 573 2952 evenit
613 2893 751 2951 Ceterum
769 2894 846 2950 idern

50 2988 177 3062 termut
202 2987 846 3065 dixiinomnigenereoemammetnro·

287 3083 333 3144 7·
