1984 3342
152 241 193 306 86
375 255 411 303 Μ.
428 255 498 318 ran.
517 253 724 311 nornrnraro

153 403 241 480 digna
257 404 376 463 Cassius
391 405 534 463 Severus.-
554 407 614 482 qui,
628 406 654 464 si
675 404 780 464 ceteris
799 404 954 464 virtutibus

154 502 280 560 colorem
294 512 323 560 et
337 503 505 580 gravitatem
520 505 658 561 orationis
673 503 833 579 adjecisset,
846 523 954 580 ponen-

154 600 208 657 dus
229 599 302 657 inter
322 601 483 678 praecipuos
498 601 577 659 foret.
622 603 686 660 117.
708 601 787 658 Nam
800 611 829 658 et
844 602 954 678 ingenii

153 697 309 776 plurimum
323 707 366 756 est
380 698 409 755 in
423 717 468 769 ec,
484 708 513 755 et
528 698 668 756 acerbitas
688 699 760 756 mire
768 719 776 769 ;
798 708 827 755 et
840 699 955 755 urbani·

154 807 198 854 tas
218 797 279 873 ejus
299 817 428 855 summa:
450 798 502 856 scd
521 798 586 874 plus
606 798 765 871 stomacho,
780 816 866 872 quarn
887 815 955 854 con·

154 895 219 952 silio
233 895 321 953 dedit.
362 894 505 953 Praeterea
519 904 550 952 ut
565 896 652 952 amari
666 895 749 966 sales,
764 895 805 952 ita
825 895 955 970 frequen·

146 1001 197 1074 ¹ter
219 992 378 1050 amaritudo
398 993 460 1068 ipsa
480 993 602 1050 ridicule
621 1003 672 1050 est.
716 992 781 1050 118.
803 993 879 1066 Sunt
906 992 955 1049 alii

154 1089 237 1148 multi
251 1090 360 1162 diserti,
376 1108 448 1165 quos
461 1089 595 1166 persequi
608 1089 727 1165 longum
741 1098 792 1146 est.
834 1087 954 1160 Eorum,

154 1203 225 1262 quos
238 1187 368 1260 viderim,
383 1187 532 1245 Domitius
540 1184 627 1261 Afer,
635 1195 664 1242 et
671 1185 770 1242 Julius
781 1183 953 1261 Africanus,

152 1283 238 1362 longe
264 1284 500 1362 prestantissimi.
541 1283 614 1340 Arte
634 1283 693 1354 ille,
714 1294 743 1340 et
762 1293 824 1341 toto
849 1301 955 1360 genere

153 1366 487 1460 dicendipraefcrendus,
502 1391 532 1440 et
544 1400 630 1458 quern
644 1381 674 1439 in
687 1399 808 1439 nurnero
827 1394 955 1439 veterum

153 1479 249 1538 locare
269 1499 328 1538 non
347 1480 464 1538 timeas:
492 1479 542 1536 hic
561 1478 743 1550 concitatior,
763 1479 813 1535 sed
835 1478 866 1536 in
886 1497 955 1537 cura

153 1577 305 1634 verborum
331 1575 448 1646 nimius,
469 1585 499 1633 et
519 1575 728 1651 compositione
748 1593 955 1652 nonnunquam
986 1572 987 1621 i

153 1670 276 1748 longior,
285 1679 315 1728 et
324 1670 558 1728 translationibus
570 1689 670 1746 parurn
682 1671 821 1730 modicos.
864 1671 956 1730 Erant

154 1767 232 1826 clara
245 1777 274 1824 et
287 1785 378 1844 nuper
393 1767 518 1844 ingenia.
561 1769 625 1826 119.
647 1768 725 1826 Nam
745 1778 775 1826 et
793 1768 955 1827 Ticclaius

152 1864 322 1942 plerumque
336 1865 476 1936 sublimis,
491 1875 520 1923 et
534 1866 604 1924 satis
618 1877 732 1942 apertus
746 1865 809 1937 tuit,
825 1875 855 1924 et
869 1885 955 1942 quem
986 1920 987 1929 ,

153 1961 226 2020 velle
259 1961 366 2038 optima
399 1964 548 2022 crederes:
584 1963 698 2021 auditus
724 1973 821 2020 tamen
855 1965 953 2040 major.
981 1944 988 2039 l,

153 2057 231 2116 Nam
245 2069 273 2118 et
287 2060 376 2132 vocis,
388 2070 524 2135 quantam
539 2061 569 2118 in
582 2060 663 2117 nullo
673 2060 807 2136 cognovi,
820 2059 953 2132 felicitas,

152 2166 182 2216 et
207 2157 403 2234 pronuntiatio
430 2158 473 2216 vel
502 2157 596 2215 scenis
622 2157 787 2228 suffectura,
807 2165 837 2214 et
856 2157 988 2257 decor,

152 2255 250 2314 omnia
270 2255 395 2331 denique
415 2255 443 2312 ci
446 2273 531 2330 ‚qne
552 2262 619 2311 sunt
638 2263 717 2311 extra
720 2226 988 2339 superfuerunt

152 2351 191 2411 Et
211 2353 311 2410 Vibius
334 2351 467 2428 Crispus,
489 2351 676 2426 compositus,
698 2360 727 2407 et
745 2351 903 2426 jucundus,
926 2352 988 2417 et

152 2449 337 2509 delectationi
364 2459 465 2508 natus:
492 2448 609 2524 privatis
634 2457 731 2506 tamen
752 2448 848 2506 causis
868 2466 954 2524 qnam
986 2492 988 2512 ,

151 2546 276 2621 publicis
297 2546 406 2604 melior.
450 2545 515 2602 120.
536 2544 616 2602 Julio
637 2545 766 2602 &cundo
789 2545 815 2602 si
841 2545 954 2622 longior
986 2534 987 2537 ¹

153 2641 321 2718 contigisset
354 2653 431 2714 etas,
460 2641 651 2699 clarissimum
683 2641 814 2718 profecto
845 2659 953 2700 nornen

152 2737 273 2794 cratoris
300 2738 375 2814 apud
400 2747 529 2815 posteros
556 2739 636 2796 soret.
677 2738 843 2815 Adjecisset
862 2739 953 2811 enim,
986 2774 988 2819 :

153 2842 237 2908 atque
252 2834 405 2910 adjiciebat
425 2835 529 2892 ceteris
549 2834 702 2892 virtutibus
722 2835 791 2906 suis,
807 2835 885 2910 qnod
905 2837 955 2894 de·
986 2822 988 2891 J

152 2930 271 2988 siderari
296 2940 397 3007 potest.
438 2931 473 2988 Id
500 2940 544 2988 est
571 2942 675 3003 autem,
702 2942 734 2988 ut
760 2941 836 2990 esset
861 2933 955 2990 multo
986 2930 988 2935 ’

152 3027 244 3108 tnagis
269 3045 396 3108 pugnax,
423 3038 453 3087 et
478 3029 583 3106 sepina
609 3027 645 3086 ad
672 3038 772 3086 curam
798 3044 896 3087 rerum
917 3029 954 3086 ab
986 3054 988 3150 p

986 3151 988 3180 Ι
