1984 3342
161 245 217 305 110
380 253 417 301 M.
435 193 506 301 mi
524 251 730 310 Qffllffluffll

158 419 216 460 non
231 403 331 470 defuit,
346 401 426 461 nuile
438 421 485 462 me
498 403 584 462 veiim
603 402 711 479 syiicbe
729 398 866 478 effigiet:
887 399 951 460 dio

159 499 207 574 qui
220 499 306 556 etium
320 499 446 558 scribere
458 499 496 558 sit
515 517 732 576 supervacuum.
772 497 867 572 quue
884 515 951 573 prs·

159 596 243 671 cipue
264 596 395 672 spueris
418 596 614 667 obtinendum,
636 607 721 670 etque
740 593 771 652 in
790 593 869 652 hunc
887 611 951 651 eon·

158 692 338 750 suetudinem
359 692 496 750 memoris
515 690 722 750 exercitatione
734 689 903 766 redigenda,
916 706 951 746 ne

158 787 241 844 nobis
254 788 396 846 disemum
410 788 567 865 ignoscere.
608 787 775 861 Ideoqneet
796 784 950 855 semmei,

159 891 188 940 et
216 881 251 941 sd
280 881 407 944 libellum
434 882 577 957 respicere
604 881 749 951 vitiosum,
768 877 846 954 quod
873 879 952 937 iiber·

158 987 246 1036 tetem
267 978 447 1056 negligentis
469 977 548 1049 fecit,
561 996 618 1036 nec
637 977 788 1052 quisquam
808 993 840 1033 se
853 993 951 1051 perum

158 1086 255 1135 tenere
272 1077 392 1153 judicet,
407 1075 492 1150 quod,
507 1094 545 1133 ne
564 1074 620 1132 sibi
639 1075 762 1145 excidet,
782 1092 842 1132 non
864 1074 949 1133 timet

158 1174 205 1232 46.
227 1173 298 1232 Inde
311 1174 485 1248 interruptus
499 1172 621 1230 sotionis
634 1171 806 1247 impetisset
818 1171 951 1228 resistens

160 1287 194 1328 sc
208 1269 465 1341 salebrosaorntio,
479 1269 570 1343 etqui
590 1267 662 1325 dicit
681 1266 821 1324 ediscenti
840 1266 950 1336 similis,
987 1284 988 1287 ’

159 1367 245 1424 etiem
273 1385 387 1425 omnem
413 1366 487 1424 bene
515 1364 687 1440 scriptorum
713 1363 835 1440 gretiam
861 1363 953 1438 perdit

158 1463 202 1522 rei
236 1463 291 1520 hoc
323 1461 394 1538 ipso,
428 1461 505 1536 quod
537 1460 686 1535 scripsisse
718 1477 751 1518 ss
789 1459 950 1518 confitetur.

159 1557 300 1616 Memoria
334 1567 427 1614 sutem
469 1557 539 1614 iacit
576 1557 662 1614 etium
699 1553 805 1632 promti
842 1555 953 1633 ingenii
987 1616 988 1645 1

159 1653 272 1724 famem,
287 1661 318 1710 ut
332 1652 390 1722 illu,
405 1671 467 1727 que
482 1653 616 1724 dicimus,
630 1670 689 1710 non
709 1651 795 1710 domo
815 1651 953 1722 rettulisse,
987 1650 988 1659 ’

159 1747 208 1805 red
223 1748 263 1805 ibi
282 1749 411 1824 protinus
430 1749 566 1807 sumsisse
578 1749 741 1806 videamur:
761 1748 838 1823 quod
851 1757 883 1806 et
894 1767 955 1806 oru-
986 1754 987 1839 i

158 1844 214 1903 tori
240 1844 341 1920 stipsi
362 1863 455 1902 cause
475 1845 628 1920 plurimum
648 1845 766 1903 confert
806 1844 856 1904 47.
877 1844 956 1902 Nem

158 1951 188 1999 et
201 1941 292 2018 megis
305 1941 433 2012 miretur,
447 1950 477 1998 et
491 1941 586 1998 minus
598 1941 682 2000 timet
699 1941 797 2017 judex,
811 1960 877 2016 quus
896 1960 956 2000 non

158 2047 240 2113 putat
254 2038 386 2096 adversus
406 2055 437 2094 se
456 2047 621 2112 preparata.
661 2037 764 2112 Itaque
782 2037 814 2094 in
834 2037 956 2096 sctioui·

159 2134 213 2192 bus
239 2144 312 2191 inter
338 2133 482 2208 precipua
507 2133 678 2191 servandum
697 2143 750 2205 est,
770 2145 803 2192 ut
822 2135 956 2209 quaedum

159 2231 255 2301 etiarn,
270 2247 332 2305 quae
346 2230 452 2304 optime
465 2230 617 2301 vinximus,
631 2229 708 2288 reiut
720 2231 815 2288 soluts
835 2232 956 2290 enunci-
983 2306 984 2311 η

160 2343 250 2396 emus,
265 2335 293 2383 et
314 2325 507 2402 cogitantibus
526 2345 732 2400 nonnunquam
751 2337 781 2384 et
800 2326 957 2387 dubitanti·

159 2422 213 2478 bus
238 2421 346 2480 similes
372 2439 499 2497 querere
525 2423 681 2493 videamur,
707 2441 771 2497 qum
798 2424 955 2482 attulimus
982 2490 983 2503 2

158 2517 206 2574 48.
228 2517 306 2595 Ergo
326 2519 393 2593 quid
414 2521 450 2578 sit
469 2519 618 2594 optimum,
632 2520 776 2577 neminem
796 2519 881 2597 fugit.
925 2521 957 2580 Si
982 2530 983 2565 i

158 2631 226 2672 vero
253 2627 300 2672 sut
327 2617 464 2674 memoris
490 2626 592 2674 natura
617 2615 714 2673 durior
740 2616 804 2683 erit,
826 2628 956 2677 autnon

159 2711 356 2788 suffragabitur
369 2724 490 2788 tempus,
505 2712 592 2768 etism
604 2712 706 2770 inutile
725 2713 780 2770 erit
801 2713 838 2770 sd
859 2716 957 2774 omniu
981 2698 983 2743 i

158 2825 189 2864 se
221 2810 306 2866 verbo
339 2808 464 2883 alligare,
497 2825 565 2864 cum
597 2807 703 2866 oblivio
735 2808 822 2866 unius
855 2830 957 2871 eorum

159 2902 320 2978 cujuslibet,
335 2911 383 2958 sut
396 2901 551 2960 deformem
572 2901 789 2973 hesitationem,
804 2908 958 2966 autetiam
979 2968 980 2979 ,

159 2999 303 3058 silentium
316 2997 449 3068 induest3
469 2997 614 3073 tutiusque
627 2999 727 3070 multo,
740 3003 959 3076 comprehensis
