1984 3342
262 231 345 280 nusn.
365 231 503 280 cernon.
522 233 583 280 nrs.
602 233 634 280 x.
654 233 680 293 c„
832 223 874 284 ct

16 367 21 375 ⁸
66 381 205 456 temporis
234 401 268 440 ac
300 381 358 438 loci
384 383 540 460 plurimum
566 393 618 442 est.
672 381 746 442 Hec
770 381 871 460 pnucis

12 507 13 510 ¹
69 477 223 536 admodum
237 479 314 537 horis
334 499 453 556 magnas
473 479 561 538 etiam
581 497 684 538 causus
704 479 871 556 complecti·

67 583 122 632 tur.
165 573 248 648 Huc,
263 577 375 651 quoties
396 576 574 634 intermissus
593 585 638 633 est
657 594 785 647 somnus,
800 575 870 652 ipsis

68 671 163 728 noctis
196 673 321 730 tenebris
348 672 503 749 adjuvatur.
559 673 633 730 Herc
659 673 733 731 inter
759 672 870 730 medios

68 785 164 824 rerum
193 779 273 832 nctus
300 768 407 844 aliquid
437 768 547 827 invenit
572 768 665 841 vacui,
692 786 748 827 nec
780 769 871 827 otium

67 864 182 940 patitur.
222 865 250 922 2.
272 865 377 940 Neque
403 883 471 922 vero
498 885 593 923 rerum
620 866 750 924 ordinem
773 866 869 938 modo,

68 961 146 1036 quod
160 961 252 1037 ipsum
267 962 335 1020 sctis
356 973 426 1034 erat,
442 962 517 1021 intra
536 981 568 1021 se
587 963 650 1039 ipsu
668 962 804 1038 disponit,
818 962 870 1020 sed

68 1059 156 1116 verbs
170 1058 255 1116 etism
270 1059 395 1134 copulat,
409 1068 556 1135 totumque
575 1059 617 1116 ita
636 1059 765 1116 contexit
783 1059 869 1116 crsti-

69 1171 163 1226 onem,
185 1163 217 1212 ut
243 1154 270 1212 ei
297 1155 369 1212 nihil
397 1165 499 1230 praeter
525 1173 642 1213 manum
669 1154 750 1212 desit.
790 1153 869 1214 Nam

69 1249 214 1308 memorie
247 1269 360 1326 quoque
392 1252 561 1328 plerumque
593 1251 714 1307 inheret
745 1249 868 1323 fideliss,

68 1347 144 1422 quod
158 1347 239 1406 nulls
252 1349 396 1406 scribendi
410 1348 565 1406 securitate
577 1347 696 1407 laxatur.

107 1442 167 1501 Sed
181 1463 218 1500 ne
233 1445 268 1502 ad
284 1445 358 1502 hunc
369 1445 484 1522 quidem
494 1445 552 1502 vim
566 1443 713 1521 cogitandi
725 1444 868 1519 perveniri

66 1549 162 1616 potest
189 1549 237 1598 aut
264 1541 368 1612 subito,
397 1551 446 1599 sut
473 1541 540 1599 cito.
589 1541 616 1598 3.
639 1539 717 1599 Num
743 1540 869 1617 primum

68 1635 201 1694 faciende
226 1637 316 1694 multo
336 1637 402 1696 stilo
423 1637 516 1706 forms
534 1647 588 1709 est,
609 1655 672 1712 que
699 1655 754 1694 nos
780 1637 869 1696 etism

67 1733 228 1810 cogitantes
254 1744 404 1810 sequatur:
426 1745 487 1791 tum
508 1734 695 1792 assumendus
714 1753 783 1792 usus
800 1752 871 1810 pnn-

66 1829 158 1901 latim,
186 1841 217 1886 ut
242 1849 336 1906 pauca
361 1831 484 1906 primum
511 1831 736 1907 complectamur
762 1833 868 1904 animo,

67 1945 131 2000 quae
144 1926 226 1984 reddi
246 1927 366 1985 fideliter
386 1926 512 2002 possint:
532 1945 599 1984 mox
618 1945 669 2002 per
689 1927 868 1986 incrementa

66 2033 124 2079 tam
139 2023 262 2094 modica,
276 2033 309 2080 ut
322 2023 433 2081 onerari
455 2042 486 2080 se
505 2024 586 2081 lsbor
606 2022 655 2080 ille
673 2041 733 2080 non
752 2024 866 2096 sentiat,

67 2117 199 2196 sugenda
217 2119 270 2190 ris,
291 2129 319 2178 et
345 2119 551 2177 exercitatione
577 2118 667 2176 mults
692 2119 868 2178 continenda

66 2226 119 2286 est,
135 2235 198 2290 quae
212 2216 327 2292 quidem
342 2216 465 2274 maxima
485 2233 521 2272 ex
538 2225 620 2292 parte
639 2214 778 2271 memoris
797 2233 866 2272 cnn·

66 2320 138 2369 stat:
167 2311 289 2387 ideoque
316 2313 411 2387 aliqua
430 2311 501 2369 mihi
521 2311 551 2369 in
571 2311 652 2368 iilum
672 2311 768 2367 locum
788 2311 867 2370 diffe-

65 2408 156 2466 reuda
169 2417 243 2466 sunt.
283 2409 311 2466 4.
333 2409 378 2466 Ec
392 2421 488 2466 tamen
500 2407 640 2484 pervenit,
654 2416 686 2464 ut
699 2407 734 2479 is,
745 2407 793 2465 cui
807 2427 866 2466 non

65 2505 223 2582 refragetur
244 2505 402 2582 ingenium,
425 2505 484 2562 acri
504 2503 600 2562 studio
621 2503 734 2579 adjutus
753 2514 865 2563 tantum

66 2612 267 2676 consequatur,
281 2611 314 2660 ut
326 2602 354 2660 ei
374 2613 431 2659 tem
452 2620 516 2676 qum
537 2600 679 2678 cogitarit,
694 2620 780 2676 qutun
800 2621 864 2676 qum
915 2597 921 2610 ’

66 2697 211 2774 scripserit
247 2709 331 2774 atque
364 2697 523 2769 edidicerit,
557 2696 588 2755 in
620 2696 745 2754 dicendo
776 2697 863 2755 fidem

66 2804 185 2853 servent.
234 2793 340 2854 Cicero
366 2804 445 2852 certe
470 2794 639 2852 Groecorum
665 2792 863 2850 Metrodorum

66 2891 217 2970 Scepsium
244 2901 274 2951 et
292 2890 446 2968 Empylum
465 2890 626 2962 Rhodium,
645 2898 864 2961 nostrorumque
