1984 3342
128 217 149 276 8
357 226 477 273 urna
493 225 697 282 nummum

131 382 271 432 autemut
290 373 415 449 quidque
435 374 580 451 precipue
599 374 794 433 necessarium
808 384 861 447 est,
875 375 920 434 sic
982 271 985 365 ¹

130 471 165 528 ad
192 469 373 527 efficiendum
401 481 541 528 oratorem
569 472 685 529 maximi
712 473 840 548 protinus
866 472 921 531 erit
984 446 985 521 ¹

129 565 274 624 momenti.
327 565 405 624 Nam
431 577 510 626 certe
537 587 604 625 cum
631 568 668 626 sit
695 569 724 626 in
758 569 920 644 eloquendo

128 662 251 737 positum
266 663 386 720 oratoris
406 663 543 736 officium,
557 664 648 722 dicere
668 675 732 722 ante
749 665 846 722 omnia
859 675 919 736 est3
985 622 986 707 ¹

129 768 214 834 atque
236 759 303 816 hinc
325 759 438 817 initium
458 760 520 836 ejus
545 761 612 818 artis
634 761 720 819 fuisse
739 761 920 819 manifestum
986 796 987 887 ¹

128 867 185 926 est;
213 856 374 931 proximam
394 856 498 913 deinde
524 858 716 928 imitationem,
737 857 921 914 novissimam
986 890 987 901 κ

128 951 269 1009 scribendi
295 970 407 1028 quoque
434 952 621 1026 diligentiam.
668 954 696 1010 4.
718 953 777 1010 Sed
803 963 834 1011 ut
859 972 922 1029 per·
987 969 989 976 ·

127 1043 218 1100 veniri
241 1044 275 1101 ad
300 1063 420 1114 summa,
434 1044 490 1102 nisi
511 1064 547 1103 ex
568 1045 718 1120 principiis
735 1064 792 1102 uon
811 1055 920 1121 potest:

128 1140 168 1197 ita
187 1140 360 1216 procedente
377 1140 436 1216 jam
456 1159 542 1216 opere
557 1141 674 1198 minima
688 1140 828 1217 incipiunt
848 1161 920 1214 esse,

128 1255 190 1311 qum
216 1237 307 1313 prima
340 1247 413 1294 suut.
455 1239 564 1297 Verum
597 1257 649 1294 nos
682 1255 750 1309 non,
778 1239 922 1313 quomodo

128 1332 318 1392 instituendus
342 1345 447 1407 orator,
463 1335 519 1392 hoc
542 1335 607 1392 loco
629 1334 771 1392 dicimus:
801 1353 869 1392 nam
892 1335 922 1392 id

128 1429 243 1504 quidem
265 1442 313 1489 aut
333 1432 410 1504 satia,
426 1442 474 1489 aut
495 1442 573 1489 certe
587 1432 628 1488 uti
642 1432 797 1507 potuimus,
812 1430 922 1489 dictum

128 1535 189 1583 est:
217 1526 267 1583 sed
296 1527 410 1598 athleta,
431 1527 480 1601 qui
501 1545 600 1584 omnes
618 1527 676 1601 jam
697 1525 921 1612 perdidicerita

127 1633 302 1699 preceptore
328 1639 472 1692 numeros,
497 1640 554 1696 quo
578 1640 684 1697 genere
711 1621 923 1680 exercitationis
990 1606 991 1613 ἵ

130 1719 165 1776 ad
186 1719 342 1776 certamina
362 1717 563 1794 praeparandus
583 1718 628 1774 sit
668 1717 761 1794 Igitur
783 1738 859 1790 eum,
873 1719 922 1794 qui

128 1835 173 1874 res
188 1815 315 1873 iuvenire
335 1825 364 1873 et
384 1815 535 1891 disponere
555 1815 636 1885 sciet,
658 1815 743 1872 verba
763 1834 874 1890 quoque
894 1825 923 1874 et

129 1912 253 1988 eligendi
267 1922 296 1969 et
309 1911 471 1969 collocandi
484 1911 624 1968 rationem
638 1913 807 1987 perceperit,
819 1912 924 1970 instru-

129 2027 210 2066 amus
237 2027 292 2084 qua
319 2008 438 2079 ratione,
467 2007 544 2083 quod
577 2007 687 2080 didicit,
716 2007 810 2066 iacere
837 2027 924 2084 quam

128 2105 245 2181 optime,
260 2124 345 2179 quam
359 2105 495 2162 facillime
508 2104 606 2179 possit.

167 2204 195 2260 5.
220 2202 249 2260 N
254 2221 300 2260 um
323 2220 391 2278 ergo
412 2201 530 2258 dubium
550 2213 603 2272 est,
625 2201 695 2277 quin
713 2202 740 2259 ei
762 2202 838 2259 velut
854 2221 925 2280 opes

130 2300 187 2357 sint
200 2300 329 2374 quadam
343 2298 484 2375 paranda,
500 2298 604 2372 quibus
625 2298 676 2370 uti,
691 2298 856 2374 ubicunque
876 2299 926 2357 de·

129 2399 283 2456 sideratum
299 2398 361 2468 erit,
376 2397 484 2473 possiti
512 2397 563 2454 Eae
577 2408 710 2454 constant
729 2398 811 2473 capia
830 2417 926 2455 rerum

122 2515 164 2552 nc
178 2496 328 2553 verborum.
369 2495 396 2550 6.
419 2493 477 2551 Sed
492 2512 537 2550 res
557 2494 678 2570 propriae
698 2504 765 2552 sunt
785 2494 926 2570 cujusque

131 2611 235 2663 causa,
259 2601 307 2649 aut
324 2589 424 2666 paucis
446 2608 634 2648 communes:
653 2591 739 2648 verba
760 2589 790 2646 in
814 2589 926 2647 univer-

131 2709 176 2747 sas
189 2688 326 2764 paranda:
339 2705 401 2761 quae
408 2685 468 2744 siin
476 2685 787 2764 rebussingulisessent
801 2685 924 2762 singula,

132 2785 270 2843 minorem
293 2802 391 2841 curam
414 2783 605 2858 postularent:
635 2803 702 2840 nam
729 2792 835 2839 cuncta
860 2801 925 2840 sese

132 2901 199 2940 cum
226 2880 295 2956 ipsis
320 2880 450 2956 protinus
476 2879 562 2936 rebus
588 2879 729 2935 offerrent.
772 2878 830 2935 Sed
856 2897 925 2935 cum

131 2979 190 3038 siut
204 2977 267 3038 aliis
281 2977 336 3038 alia
350 2986 398 3038 aut
411 2975 503 3057 magis
511 2975 636 3054 propria,
647 2983 696 3033 aut
708 2974 800 3054 magis
813 2984 925 3049 oruata,
