1984 3342
137 175 179 238 20
358 183 393 230 M.
412 183 481 230 ΕΔΒ.
502 179 708 239 QUffl'l'lLlANl

139 333 247 410 ingenii
261 332 377 392 modum
390 331 526 392 excedat
544 343 579 390 ut
587 333 686 410 magni
695 331 732 390 sit
739 330 803 403 viri,
812 331 932 390 virtutes
974 332 976 377 ἱ

138 429 198 506 ejus
218 448 277 488 non
297 430 486 501 multumne,
507 429 584 503 quod
603 429 665 486 fieri
685 447 744 486 non
763 438 867 504 potest,
882 427 931 486 sed

138 526 285 584 intellectu
313 526 400 601 sequi.
455 527 503 584 51.
531 526 641 583 Verum
668 525 716 582 hic
742 543 843 582 omnes
870 525 932 581 sine

138 620 234 694 dubio,
256 632 285 680 et
311 641 340 679 rn
367 623 446 680 omni
472 640 578 699 genere
604 620 774 696 eloquentia
793 622 932 696 procula

137 737 168 776 se
196 719 327 794 reliquit;
355 719 452 794 epicos
479 729 575 775 tamen
600 717 763 793 praecipue:
797 717 932 774 videlicet

138 814 204 890 quia
225 815 382 872 clarissima
401 815 430 871 in
451 814 570 872 materia
589 813 675 870 simili
690 814 866 888 comparatio
880 825 930 870 cst.

136 911 183 968 52.
206 909 286 967 Raro
301 910 422 986 assurgit
436 909 590 980 Hesiodus,
605 927 765 986 magnaque
785 928 851 985 pars
871 909 932 985 ejus

136 1007 166 1064 in
194 1007 357 1064 nominibus
384 1009 426 1064 est
446 1015 604 1081 occupata3
632 1015 728 1063 tamen
748 1005 833 1062 utiles
853 1005 933 1062 circa

135 1114 276 1178 precepta
290 1103 447 1173 sententiae,
461 1102 617 1177 levitasque
636 1102 787 1158 verborum
807 1111 836 1158 et
856 1121 932 1158 com-

135 1199 284 1275 positionis
307 1199 479 1275 probabilis:
508 1199 647 1272 daturque
668 1197 695 1254 ei
716 1197 812 1272 palma
831 1197 862 1254 in
884 1198 932 1254 illo

136 1296 231 1353 medio
246 1315 351 1374 genere
365 1296 489 1354 dicendi.
531 1296 578 1352 53.
601 1294 710 1351 Contra
723 1293 753 1350 in
762 1292 932 1350 Antimacho

135 1393 178 1450 vis
189 1404 217 1450 et
226 1393 360 1470 gravitas,
370 1402 398 1450 et
412 1393 530 1450 minime
544 1391 660 1467 vulgare
674 1388 827 1464 eloquendi
841 1408 932 1465 genus
974 1459 976 1462 y

136 1488 222 1544 habet
243 1488 364 1545 laudern.
407 1487 466 1544 Sed
493 1487 622 1560 quamvis
649 1487 676 1543 ei
704 1485 845 1543 secundas
873 1485 932 1542 sere

136 1581 395 1640 Grammaticorum
410 1601 567 1639 consensus
581 1582 688 1640 deferat
696 1603 704 1653 ;
727 1592 756 1639 et
771 1581 931 1651 affectibus,

136 1689 165 1738 et
188 1679 378 1755 jucunditate,
400 1689 429 1736 et
455 1679 650 1754 dispositione,
672 1689 701 1736 et
727 1677 846 1736 omnino
873 1689 933 1735 arte

136 1775 277 1846 deficitur,
291 1785 322 1832 ut
335 1775 420 1851 plane
440 1775 592 1832 manifesto
612 1785 754 1851 appareat,
769 1784 877 1850 quanto
897 1774 935 1831 sit

137 1871 214 1929 aliud
222 1872 382 1946 proximum
393 1889 464 1942 esse,
475 1871 552 1929 aliud
560 1873 727 1930 secundum,
766 1871 814 1928 54.
829 1871 934 1947 Pany-

137 1967 201 2025 asin
215 1986 250 2024 er
263 1977 383 2043 utroque
396 1969 517 2026 mixtum
529 1977 631 2044 putant
641 1968 671 2024 in
682 1967 853 2041 eloquendo,
865 1986 934 2024 neu·
974 2044 976 2049 ι

137 2063 264 2140 triusque
284 2083 396 2139 aequare
416 2064 551 2123 virtutes:
581 2065 701 2122 alterum
721 2073 817 2121 tamen
838 2063 875 2120 ab
895 2081 932 2120 eo

136 2160 265 2233 materia,
294 2161 414 2218 alterum
447 2159 617 2236 disponendi
650 2159 760 2217 ratione
793 2160 931 2234 superari.

137 2255 306 2332 Apollonius
320 2256 350 2313 in
365 2256 495 2314 ordinem
510 2275 527 2314 a
540 2255 735 2333 grammaticis
754 2255 853 2312 datum
873 2275 933 2312 non

138 2352 225 2422 venit,
239 2353 307 2427 quia
326 2353 511 2410 Aristarchus
532 2363 616 2428 atque
629 2352 847 2426 Aristophanes,
862 2356 933 2428 poe-

137 2457 230 2504 tarum
242 2448 363 2523 judices,
374 2447 519 2505 neminem
529 2448 573 2505 sui
587 2448 723 2524 temporis
737 2447 767 2504 in
780 2465 932 2504 numerum

137 2541 324 2619 redegerunt:
358 2561 416 2600 non
443 2552 539 2600 tamen
566 2543 808 2601 contemnendum
841 2543 932 2601 edidit
974 2586 976 2595 ,

139 2657 209 2714 opus
236 2639 338 2714 aquali
365 2639 487 2714 quadarn
514 2639 720 2697 mediocritate.
768 2641 817 2697 55.
838 2639 932 2697 Arati
974 2643 976 2656 ³

139 2733 257 2791 materia
282 2745 361 2791 motu
389 2744 477 2804 caret,
498 2743 531 2792 ut
556 2735 586 2791 in
613 2754 669 2808 qua
695 2735 774 2792 nulla
799 2735 931 2807 varietas,

138 2828 234 2887 nullus
254 2829 381 2900 affectus,
402 2829 481 2886 nulla
506 2848 637 2905 persons,
657 2830 737 2887 nulla
764 2831 932 2905 cujusquam

155 2925 176 2984 it
202 2925 310 2985 oratio:
337 2924 442 2984 sufficit
468 2935 564 2984 tamen
591 2924 681 3002 operi,
703 2925 751 2984 cui
777 2943 808 2988 se
833 2945 933 3004 parem
