1984 3342
159 257 200 318 to
382 267 418 314 rr.
437 264 732 323 sassoumummm

198 415 246 473 27.
274 415 400 474 Imitatio
415 427 508 475 sutem
524 416 604 494 (nem
625 416 728 493 sepius
748 415 824 472 idern
845 414 953 496 dieam)
981 444 982 509 p

160 529 219 569 non
232 512 272 582 sit,
281 521 391 571 tantum
406 514 435 571 in
450 515 551 572 verbis.
592 513 668 570 Illuo
678 513 853 570 intendenda
867 531 954 582 mens,

159 617 297 683 quantum
311 608 396 667 suerit
416 610 473 667 illis
492 610 563 666 viris
583 609 697 666 decoris
717 609 747 665 in
767 609 852 665 rebus
874 619 956 684 atque

159 705 298 781 personis,
320 706 395 780 quod
423 706 586 776 eonsilium,
607 725 670 780 quas
691 705 849 780 dispositio,
872 725 954 780 quarn

159 801 256 859 omnia
269 801 365 874 etiam,
380 822 442 878 quas
457 802 641 860 delectationi
661 802 810 858 videantur
829 802 906 872 data,
922 802 954 858 ad

160 900 308 957 vietoriem
334 911 479 976 spectent:
507 901 575 976 quid
604 910 703 976 agatur
722 900 872 975 prooemio,
894 919 953 973 que

159 997 233 1054 ratio
253 1006 281 1054 et
301 1015 386 1072 quarn
406 997 484 1057 varia
504 997 650 1068 narrandi,
671 1015 735 1072 quae
755 996 797 1052 vis
816 995 954 1071 probandi
981 994 982 1087 l

162 1111 196 1151 ao
217 1093 374 1165 refellendi,
395 1104 502 1168 quanta
521 1094 552 1150 in
573 1094 723 1150 affectibus
735 1093 829 1150 omnis
842 1094 954 1169 generis
981 1102 982 1177 l

161 1190 307 1248 movendis
334 1191 465 1262 seientia,
485 1208 627 1265 quamque
647 1191 708 1246 laus
729 1191 791 1264 ipsa
811 1189 953 1265 popularis
981 1186 983 1237 l

159 1288 290 1347 utilitatis
310 1289 402 1366 gratia
423 1298 556 1359 assumta,
578 1306 640 1361 quae
661 1297 722 1343 turn
742 1296 787 1343 est
800 1274 954 1361 puloberri-
981 1314 982 1363 p

159 1403 215 1457 ms,
230 1403 296 1442 eum
317 1385 454 1460 sequitur,
469 1403 528 1442 non
548 1403 615 1441 oum
636 1382 795 1440 arcessitur.
838 1381 912 1440 Haeo
932 1382 953 1438 si
981 1376 982 1461 l

158 1482 373 1558 perviderimus,
400 1491 461 1543 tum
488 1499 553 1538 vere
580 1479 762 1537 imitabimur.
815 1479 864 1536 28.
893 1479 954 1540 Qui

159 1593 226 1632 vero
240 1575 324 1632 etiam
337 1575 452 1650 propris
465 1574 510 1631 bis
523 1576 599 1631 bona
613 1573 758 1649 adjecerit,
770 1583 802 1630 ut
815 1575 953 1650 suppleat,
981 1634 982 1643 ,

160 1689 223 1745 quae
244 1670 370 1741 deerant,
386 1669 584 1737 circumcidat,
600 1671 624 1726 si
644 1670 714 1745 quid
735 1670 917 1741 redundabit,
932 1671 954 1726 is
981 1704 982 1709 κ

161 1766 223 1836 erit,
251 1783 336 1839 quern
362 1765 526 1840 quaerimus,
552 1767 697 1842 perlectus
723 1777 834 1822 orator:
870 1785 955 1841 quem
981 1758 982 1801 i

159 1879 237 1918 nuno
252 1864 442 1918 consummari
456 1863 634 1938 potissimum
648 1871 786 1937 oporteat,
796 1881 864 1918 eum
878 1872 956 1919 tauto

158 1957 241 2039 plura
254 1959 382 2034 exempla
396 1959 468 2015 bene
482 1959 597 2015 dicendi
617 1959 769 2033 supersint,
784 1977 870 2032 quem
891 1958 954 2029 illis,

159 2053 209 2129 qui
236 2055 328 2112 adhue
349 2055 453 2112 summi
473 2066 548 2127 suut,
573 2055 762 2130 contigerunt.
804 2054 882 2111 Nam
903 2056 956 2112 erit

159 2153 221 2210 haee
248 2171 360 2228 quoque
386 2154 448 2210 laus
475 2171 585 2224 eorum,
606 2161 638 2208 ut
663 2152 771 2227 priores
797 2171 955 2228 superasse,
981 2180 982 2231 3

157 2259 285 2326 posteros
299 2249 432 2306 docuisse
446 2248 587 2305 dieantur.

197 2442 251 2500 Ill.
280 2442 318 2499 Et
331 2443 393 2500 hmo
414 2441 529 2516 quidem
552 2443 657 2499 auxilie
676 2442 854 2499 extrinsecus
877 2442 956 2498 adhi-

160 2538 280 2596 bentur:
309 2539 337 2594 in
365 2538 401 2594 iis
422 2547 527 2608 autem,
548 2557 610 2612 quae
632 2538 803 2613 nobisipsis
829 2538 956 2612 paranda

160 2644 235 2705 sunt,
256 2643 287 2690 ut
308 2633 423 2703 laboris,
444 2632 487 2689 sio
508 2634 637 2691 utilitatis
657 2635 744 2691 etiam
764 2634 849 2710 longe
869 2633 958 2710 pluri·

160 2747 238 2786 mum
265 2728 345 2785 affert
372 2728 461 2784 stilus.
504 2727 570 2785 Neo
597 2730 739 2786 immerito
766 2729 808 2786 M.
836 2729 956 2786 Tullius

159 2825 237 2882 hune
257 2825 389 2900 optimum
409 2823 562 2900 effectorem
588 2843 622 2880 ne
648 2827 816 2899 magistrum
843 2825 958 2882 dicendi

159 2921 280 2978 rooavit.
320 2919 376 2978 Cui
397 2919 546 2978 sententie
566 2937 717 2996 personam
744 2921 777 2977 L.
799 2921 899 2978 Crassi
927 2922 958 2978 in

159 3015 408 3094 disputationibus,
423 3033 485 3092 que
500 3025 567 3074 sunt
580 3016 616 3074 de
636 3026 756 3088 oratore,
771 3016 957 3094 assignando,
981 3072 982 3097 3
