1984 3342
204 251 629 302 inmoranorenmrrua
756 243 815 303 1⁵⁷

26 401 134 482 debu),
154 409 183 460 et
201 410 349 461 contracta
366 400 453 461 etiam
471 400 624 461 micula.
659 394 823 476 Quidquid·

27 499 125 558 borum
166 497 235 556 alter
274 497 397 570 lecisset,
436 496 622 556 fedissimum
663 496 812 592 rideretrrr.

27 594 125 656 Quare
136 593 212 652 norit
225 611 256 652 se
268 595 398 670 quisque,
412 613 467 652 nec
478 604 590 653 tantum
603 612 638 652 ex
657 593 815 652 communi·

27 691 79 750 bus
100 690 492 767 praeministratum:
517 699 619 749 natura
644 709 697 748 sun
720 688 825 766 capiat

28 785 178 846 consilium
190 785 345 846 formandae
365 786 492 844 actionis.
535 786 600 844 181.
620 785 724 862 Neque
743 785 815 843 illud

26 893 120 942 tamen
133 883 278 954 est'nefas,
293 889 325 941 ut
338 883 459 958 aliquem
472 883 517 942 rel
530 883 626 941 mnia
636 883 682 941 vel
693 883 825 959 pluruma<

26 980 156 1037 deceant.
197 978 292 1055 Hujus
306 998 417 1056 quoque
430 980 487 1038 loci
502 979 630 1037 clausula
648 979 686 1036 sit
704 978 813 1050 eedem,

25 1093 143 1134 neeesse
162 1084 213 1148 est,
228 1094 290 1150 qua
311 1086 469 1134 ceterorum
489 1086 541 1147 est,
555 1093 675 1152 regnare
693 1073 815 1132 maxime

24 1171 149 1230 modum
189 1171 258 1232 Non
272 1173 348 1230 euim
362 1173 522 1231 comoedum
534 1189 607 1243 esse,
615 1171 666 1229 sed
675 1181 814 1229 oratorem

24 1269 97 1326 volo
137 1267 239 1330 Quare
251 1287 344 1344 neque
356 1270 387 1327 in
401 1282 483 1348 gestu
495 1285 696 1345 persequemur
716 1285 815 1325 omnes

24 1364 161 1443 argutias,
175 1365 274 1423 neuin
293 1365 435 1440 loquendo
455 1363 696 1437 distinctionibus,
710 1372 816 1440 tempo·
914 1364 916 1369 '

24 1462 116 1532 ribus,
131 1461 330 1519 effectionibus
349 1462 467 1520 moleste
486 1472 606 1520 utemur.
648 1460 712 1519 182.
732 1459 816 1518 Utsi

22 1559 59 1616 sit
72 1558 106 1616 in
120 1573 208 1615 socna
220 1557 383 1631 dicendum,

51 1734 70 1762 ⁸⁸
80 1729 152 1788 Quid
161 1729 236 1794 igitur
246 1729 350 1779 baiam?
366 1745 417 1780 non
426 1727 534 1794 cam‚'ne
543 1747 613 1782 nnuc
623 1731 731 1796 quidem,

78 1809 151 1858 Cum
161 1825 269 1876 arcessor
279 1810 360 1860 ulmo?
376 1826 409 1860 an
419 1813 502 1875 potius
511 1812 547 1860 ita
555 1828 596 1862 ma
606 1827 755 1877 comparem,

77 1888 139 1939 Non
150 1890 243 1954 perpeti
253 1891 410 1940 meretricum
420 1893 599 1942 contumelias?
608 1892 624 1915 '’

19 2047 83 2110 Hic‘
98 2051 178 2108 enim
191 2047 376 2108 dubitationis
395 2068 499 2122 moras,
513 2051 593 2109 vocis
612 2051 712 2124 flexus,
725 2051 818 2110 varias

19 2167 137 2219 manus,
145 2147 271 2204 diversos
281 2157 366 2204 nutus
378 2157 455 2204 actor
469 2146 622 2204 adhibebit
655 2146 744 2205 Aliud
757 2165 818 2204 ora·

17 2244 61 2302 tio
76 2242 166 2318 sapit,
181 2259 236 2299 nec
250 2243 309 2301 uult
322 2242 441 2300 nimium
454 2260 517 2300 esse
531 2242 654 2300 condita
694 2241 818 2300 Actione

17 2341 102 2398 enim
128 2347 250 2410 constat,
271 2356 328 2396 non
348 2329 514 2395 imitatione.
557 2338 621 2396 reu
640 2337 741 2400 Quare
759 2357 817 2396 non

18 2433 173 2493 immerito
185 2432 400 2510 reprehenditur
413 2435 611 2510 pronunciatio
631 2444 660 2492 et
678 2434 817 2508 vultuosa,

14 2542 49 2589 et
62 2529 335 2608 gesticulationibus
348 2530 474 2602 molesta,
485 2540 514 2588 et
526 2530 604 2589 vocis
617 2531 819 2591 mutationibus

17 2627 179 2685 resultans.
233 2624 299 2683 Nec
333 2625 469 2684 inutiliter
502 2645 538 2684 ex
569 2627 679 2686 Grecis
710 2639 819 2687 veteres

15 2722 244 2793 transtulerunt,
283 2722 359 2798 quod
406 2723 440 2781 ab
478 2723 514 2781 iis
558 2735 681 2782 sumtum
718 2723 819 2783 Lenes

13 2817 159 2895 Popilius
184 2817 288 2893 posuit,
315 2837 377 2877 esse
402 2820 474 2878 lanc
506 2822 652 2881 {emiorum
676 2821 817 2879 uelim

16 2914 94 2974 184.
129 2911 250 2990 Optime
282 2914 368 2992 igitur
395 2915 480 2988 idem,
508 2919 557 2992 qui
582 2918 687 2985 omnia,
714 2915 819 2974 cicero

270 3010 308 3068 14
