1984 3342
157 269 213 330 118
375 281 411 329 nr.
429 279 499 328 aaa
518 277 723 337 aummlsm

154 425 224 487 libet
250 427 307 488 aiut
333 427 364 488 iu
390 429 450 488 suis
477 429 681 489 certaminibus
705 427 837 504 speciosa
863 435 950 503 atque

155 524 279 597 robusta,
307 523 331 584 si
357 525 479 585 militare
505 527 570 598 iter,
590 526 753 600 fascemque
779 533 809 582 et
836 523 950 601 vigilias

154 619 285 696 imperes,
312 621 455 694 deficiant,
482 634 512 682 et
543 633 671 700 quaerant
702 632 839 678 unctores
871 640 948 690 suos,

154 715 319 792 nudumque
345 718 485 778 sudorem.
537 720 586 778 27.
619 718 672 775 Illa
692 717 807 794 quidem
836 716 868 774 in
895 716 949 772 hoc

154 799 240 888 opere
265 814 382 890 precipi
409 815 472 890 quis
499 815 580 886 ferat,
606 814 735 872 vitandos
759 813 839 870 soles
866 823 950 887 atque

154 919 262 980 ventos,
290 920 319 968 et
343 911 442 969 nubila
467 911 553 969 etiam
581 929 614 969 ac
640 910 805 967 siccitates?
854 908 903 965 Ita
927 908 949 964 si
984 952 985 957 ,

155 1003 309 1063 dicendum
322 1005 352 1064 in
366 1007 435 1078 sole,
451 1017 499 1065 aut
512 1017 639 1079 ventoso,
650 1005 778 1076 humido,
791 1004 890 1062 calido
905 1003 950 1060 die

156 1099 251 1174 fiaerit,
271 1121 336 1160 reos
356 1103 539 1160 deseremus?
578 1101 655 1160 Nam
675 1100 796 1158 crudum
822 1099 949 1176 quidem,
984 1100 986 1159 i

156 1208 205 1256 cut
217 1209 354 1271 saturum,
369 1209 417 1257 aut
430 1198 550 1270 ebrium,
565 1209 614 1257 aut
626 1198 718 1274 ejecto
730 1197 817 1254 modo
830 1196 949 1267 vomitu,
984 1202 986 1293 p

155 1314 219 1372 quac
239 1296 366 1355 carenda
393 1295 509 1372 quidam
533 1305 659 1367 monent,
679 1295 843 1353 declamare
862 1292 951 1352 nemi·
984 1298 986 1363 t

155 1409 232 1465 nem,
246 1392 295 1468 qui
308 1393 345 1450 sit
359 1392 461 1450 mentis
474 1410 601 1467 compos,
614 1401 693 1467 puto.
732 1391 781 1448 28.
800 1388 881 1448 illud
894 1408 951 1448 noa
984 1390 985 1415 ¹

155 1488 218 1546 sine
231 1507 317 1546 causa
336 1499 378 1546 est
399 1488 434 1546 ab
453 1487 586 1546 omnibus
604 1495 787 1562 preceptum,
801 1494 834 1542 ut
854 1503 952 1561 parca-
984 1482 985 1487 ’

155 1593 202 1641 tur
215 1583 337 1640 manime
350 1584 414 1641 roci
428 1583 457 1641 iu
472 1584 553 1642 illoa
570 1583 694 1660 pueritia
712 1583 743 1640 in
763 1582 951 1640 adolescenti·

158 1697 203 1736 am
223 1678 353 1750 transitu,
374 1679 442 1753 quia
461 1679 630 1738 naturaliter
650 1679 814 1755 impeditur,
833 1697 905 1751 non,
919 1687 950 1734 ut

157 1773 286 1846 arbitror,
305 1784 419 1850 propter
440 1775 575 1848 calorem,
597 1776 673 1852 quod
699 1774 816 1852 quidam
834 1784 951 1851 putare·

156 1878 238 1938 runt3
259 1887 324 1926 nam
338 1880 382 1926 est
395 1869 482 1946 major
497 1871 584 1942 alias3
605 1871 657 1929 sed
669 1881 784 1947 propter
798 1869 951 1928 humorem

155 1964 268 2041 potius3
290 1983 356 2022 nam
371 1965 427 2022 hoc
441 1975 510 2022 aetas
523 1966 573 2024 illa
591 1966 737 2044 turgescit.
776 1965 827 2023 29.
848 1965 950 2041 Itaque

155 2073 240 2121 nares
252 2063 347 2133 etiam,
363 2081 395 2119 ac
408 2073 519 2138 pectus,
532 2082 569 2120 co
581 2074 709 2139 tempore
728 2072 849 2134 tument,
866 2072 950 2138 atque

155 2159 252 2232 omnia
283 2157 360 2216 velut
386 2159 557 2235 germinant,
583 2177 676 2235 eoque
702 2168 769 2216 sunt
794 2167 896 2216 tenera
922 2167 949 2216 et

156 2255 266 2332 injuria
279 2253 409 2312 obnoxia.
451 2254 519 2327 Sed,
533 2265 566 2312 ut
580 2255 615 2312 ad
628 2255 803 2331 propositum
823 2255 948 2324 redeam,
984 2280 986 2333 p

158 2350 217 2428 jam
231 2349 404 2408 confirmate
418 2350 635 2426 constitutaeque
645 2352 724 2408 vocis
736 2369 829 2428 genus
842 2351 950 2408 exerci-

156 2445 271 2503 tationis
291 2445 429 2521 optimum
455 2445 541 2519 duco,
562 2447 636 2522 quod
664 2457 707 2504 est
732 2446 812 2522 operi
840 2447 949 2504 similli-

154 2559 243 2613 mum,
270 2541 366 2599 dicere
392 2541 528 2617 quotidie,
555 2543 630 2600 sicut
656 2543 772 2618 agimus.
814 2541 949 2617 Namque
984 2564 985 2603 t

155 2637 211 2696 hoc
225 2637 310 2694 modo
329 2656 387 2695 non
407 2657 462 2696 vox
481 2648 590 2696 tantum
612 2639 794 2696 confirmatur
815 2648 845 2696 et
864 2639 948 2710 latus,

155 2732 205 2792 sed
218 2732 304 2790 etiam
317 2733 444 2810 corporis
458 2733 563 2791 decens
576 2744 604 2792 et
619 2733 853 2792 accommodatus
866 2735 950 2792 orati·

155 2828 204 2886 oui
218 2838 312 2886 motus
325 2828 514 2902 componitur.

193 2923 240 2982 3⁰.
269 2921 339 2980 Non
354 2923 464 2979 aliaest
485 2909 579 2982 autem
598 2923 672 2982 ratio
690 2925 947 3002 pronunciationis,

155 3037 241 3097 quam
255 3019 344 3099 ipsius
357 3016 503 3078 orationis.
