<?xml version="1.0" encoding="UTF-8"?>
<!DOCTYPE html PUBLIC "-//W3C//DTD XHTML 1.0 Transitional//EN"
    "http://www.w3.org/TR/xhtml1/DTD/xhtml1-transitional.dtd">
<html xmlns="http://www.w3.org/1999/xhtml" xml:lang="en" lang="en">
 <head>
  <title>
</title>
<meta http-equiv="Content-Type" content="text/html;charset=utf-8" />
  <meta name='ocr-system' content='tesseract 3.04.00' />
  <meta name='ocr-capabilities' content='ocr_page ocr_carea ocr_par ocr_line ocrx_word'/>
</head>
<body>
  <div class='ocr_page' id='page_1' title='image "./mfabiiquintilia01dillgoog_0122.png"; bbox 0 0 1984 3342; ppageno 0'>
   <div class='ocr_carea' id='block_1_1' title="bbox 155 90 987 289">
    <p class='ocr_par' dir='ltr' id='par_1_1' title="bbox 155 90 987 289">
     <span class='ocr_line' id='line_1_1' title="bbox 155 90 987 289; baseline 0.004 -11"><span class='ocrx_word' id='word_1_1' title='bbox 155 217 214 278; x_wconf 83' lang='lat' dir='ltr'><strong>ut</strong></span> <span class='ocrx_word' id='word_1_2' title='bbox 372 225 408 274; x_wconf 76' lang='lat' dir='ltr'><strong>m</strong></span> <span class='ocrx_word' id='word_1_3' title='bbox 426 224 495 272; x_wconf 65' lang='grc' dir='ltr'><strong>ΜΒ.</strong></span> <span class='ocrx_word' id='word_1_4' title='bbox 515 220 718 280; x_wconf 63' lang='grc' dir='ltr'><strong>ΦΙΙΝΉΠΑΜ</strong></span> <span class='ocrx_word' id='word_1_5' title='bbox 984 90 987 289; x_wconf 73' lang='lat' dir='ltr'><strong>i</strong></span> 
     </span>
    </p>
   </div>
   <div class='ocr_carea' id='block_1_2' title="bbox 144 368 989 3040">
    <p class='ocr_par' dir='ltr' id='par_1_2' title="bbox 144 368 989 2942">
     <span class='ocr_line' id='line_1_2' title="bbox 195 368 945 450; baseline -0.005 -18"><span class='ocrx_word' id='word_1_6' title='bbox 195 373 240 432; x_wconf 81' lang='lat'><strong>1⁰.</strong></span> <span class='ocrx_word' id='word_1_7' title='bbox 266 373 341 432; x_wconf 77' lang='lat' dir='ltr'><strong>Sunt</strong></span> <span class='ocrx_word' id='word_1_8' title='bbox 358 383 454 432; x_wconf 82' lang='lat' dir='ltr'><strong>tamen</strong></span> <span class='ocrx_word' id='word_1_9' title='bbox 479 372 530 450; x_wconf 78' lang='lat' dir='ltr'><strong>qni</strong></span> <span class='ocrx_word' id='word_1_10' title='bbox 554 371 656 432; x_wconf 82' lang='lat' dir='ltr'><strong>rodem</strong></span> <span class='ocrx_word' id='word_1_11' title='bbox 674 370 762 441; x_wconf 80' lang='lat' dir='ltr'><strong>illam,</strong></span> <span class='ocrx_word' id='word_1_12' title='bbox 779 379 813 429; x_wconf 80' lang='lat' dir='ltr'><strong>ct</strong></span> <span class='ocrx_word' id='word_1_13' title='bbox 832 368 945 445; x_wconf 73' lang='lat' dir='ltr'><strong>qiu·-</strong></span> 
     </span>
     <span class='ocr_line' id='line_1_3' title="bbox 154 466 945 546; baseline -0.005 -18"><span class='ocrx_word' id='word_1_14' title='bbox 154 469 275 544; x_wconf 77' lang='lat' dir='ltr'><strong>impetus</strong></span> <span class='ocrx_word' id='word_1_15' title='bbox 294 469 431 546; x_wconf 71' lang='lat' dir='ltr'><strong>cujusque</strong></span> <span class='ocrx_word' id='word_1_16' title='bbox 451 469 540 528; x_wconf 83' lang='lat' dir='ltr'><strong>animi</strong></span> <span class='ocrx_word' id='word_1_17' title='bbox 557 469 633 540; x_wconf 86' lang='lat' dir='ltr'><strong>tulit,</strong></span> <span class='ocrx_word' id='word_1_18' title='bbox 654 468 796 528; x_wconf 83' lang='lat' dir='ltr'><strong>actionem</strong></span> <span class='ocrx_word' id='word_1_19' title='bbox 812 466 945 543; x_wconf 74' lang='lat' dir='ltr'><strong>judicent</strong></span> 
     </span>
     <span class='ocr_line' id='line_1_4' title="bbox 156 562 987 643; baseline -0.005 -19"><span class='ocrx_word' id='word_1_20' title='bbox 156 565 308 637; x_wconf 80' lang='lat' dir='ltr'><strong>fortiorem,</strong></span> <span class='ocrx_word' id='word_1_21' title='bbox 328 576 357 624; x_wconf 84' lang='lat' dir='ltr'><strong>et</strong></span> <span class='ocrx_word' id='word_1_22' title='bbox 383 567 471 624; x_wconf 78' lang='lat' dir='ltr'><strong>oolam</strong></span> <span class='ocrx_word' id='word_1_23' title='bbox 497 566 565 624; x_wconf 81' lang='lat' dir='ltr'><strong>viria</strong></span> <span class='ocrx_word' id='word_1_24' title='bbox 584 565 717 642; x_wconf 77' lang='lat' dir='ltr'><strong>dignam:</strong></span> <span class='ocrx_word' id='word_1_25' title='bbox 743 562 795 622; x_wconf 71' lang='lat' dir='ltr'><strong>md</strong></span> <span class='ocrx_word' id='word_1_26' title='bbox 814 581 876 622; x_wconf 85' lang='lat' dir='ltr'><strong>nou</strong></span> <span class='ocrx_word' id='word_1_27' title='bbox 896 562 943 620; x_wconf 82' lang='lat' dir='ltr'><strong>aiii</strong></span> <span class='ocrx_word' id='word_1_28' title='bbox 986 614 987 643; x_wconf 47' lang='lat'><strong>,</strong></span> 
     </span>
     <span class='ocr_line' id='line_1_5' title="bbox 154 652 987 737; baseline 0 -19"><span class='ocrx_word' id='word_1_29' title='bbox 154 659 222 732; x_wconf 83' lang='lat' dir='ltr'><strong>fere,</strong></span> <span class='ocrx_word' id='word_1_30' title='bbox 236 679 320 736; x_wconf 89' lang='lat' dir='ltr'><strong>qnam</strong></span> <span class='ocrx_word' id='word_1_31' title='bbox 340 661 388 737; x_wconf 90' lang='lat' dir='ltr'><strong>qui</strong></span> <span class='ocrx_word' id='word_1_32' title='bbox 408 661 493 722; x_wconf 87' lang='lat' dir='ltr'><strong>etiam</strong></span> <span class='ocrx_word' id='word_1_33' title='bbox 513 662 545 720; x_wconf 89' lang='lat' dir='ltr'><strong>in</strong></span> <span class='ocrx_word' id='word_1_34' title='bbox 562 660 686 720; x_wconf 83' lang='lat' dir='ltr'><strong>dicendo</strong></span> <span class='ocrx_word' id='word_1_35' title='bbox 699 678 798 718; x_wconf 87' lang='lat' dir='ltr'><strong>curam</strong></span> <span class='ocrx_word' id='word_1_36' title='bbox 811 670 842 717; x_wconf 86' lang='lat' dir='ltr'><strong>et</strong></span> <span class='ocrx_word' id='word_1_37' title='bbox 855 671 942 718; x_wconf 88' lang='lat' dir='ltr'><strong>artem</strong></span> <span class='ocrx_word' id='word_1_38' title='bbox 986 652 987 703; x_wconf 60' lang='lat' dir='ltr'><strong>i</strong></span> 
     </span>
     <span class='ocr_line' id='line_1_6' title="bbox 150 756 944 834; baseline -0.004 -20"><span class='ocrx_word' id='word_1_39' title='bbox 150 769 183 814; x_wconf 84' lang='lat' dir='ltr'><strong>et</strong></span> <span class='ocrx_word' id='word_1_40' title='bbox 195 757 326 830; x_wconf 83' lang='lat' dir='ltr'><strong>nitorem,</strong></span> <span class='ocrx_word' id='word_1_41' title='bbox 339 767 369 816; x_wconf 87' lang='lat' dir='ltr'><strong>et</strong></span> <span class='ocrx_word' id='word_1_42' title='bbox 380 758 519 834; x_wconf 81' lang='lat' dir='ltr'><strong>quidquid</strong></span> <span class='ocrx_word' id='word_1_43' title='bbox 530 757 627 816; x_wconf 71' lang='lat' dir='ltr'><strong>studio</strong></span> <span class='ocrx_word' id='word_1_44' title='bbox 638 767 763 832; x_wconf 84' lang='lat' dir='ltr'><strong>paratur,</strong></span> <span class='ocrx_word' id='word_1_45' title='bbox 776 767 809 814; x_wconf 89' lang='lat' dir='ltr'><strong>ut</strong></span> <span class='ocrx_word' id='word_1_46' title='bbox 829 756 944 812; x_wconf 81' lang='lat' dir='ltr'><strong>affecta·</strong></span> 
     </span>
     <span class='ocr_line' id='line_1_7' title="bbox 153 851 987 930; baseline -0.006 -18"><span class='ocrx_word' id='word_1_47' title='bbox 153 863 183 912; x_wconf 89' lang='lat' dir='ltr'><strong>ta</strong></span> <span class='ocrx_word' id='word_1_48' title='bbox 195 864 224 911; x_wconf 86' lang='lat' dir='ltr'><strong>et</strong></span> <span class='ocrx_word' id='word_1_49' title='bbox 242 873 341 930; x_wconf 86' lang='lat' dir='ltr'><strong>parma</strong></span> <span class='ocrx_word' id='word_1_50' title='bbox 360 855 501 912; x_wconf 76' lang='lat' dir='ltr'><strong>naturalia</strong></span> <span class='ocrx_word' id='word_1_51' title='bbox 519 855 613 912; x_wconf 78' lang='lat' dir='ltr'><strong>nolent</strong></span> <span class='ocrx_word' id='word_1_52' title='bbox 630 853 808 928; x_wconf 76' lang='lat' dir='ltr'><strong>improbare3</strong></span> <span class='ocrx_word' id='word_1_53' title='bbox 828 852 875 910; x_wconf 84' lang='lat' dir='ltr'><strong>rel</strong></span> <span class='ocrx_word' id='word_1_54' title='bbox 894 851 942 927; x_wconf 84' lang='lat' dir='ltr'><strong>qni</strong></span> <span class='ocrx_word' id='word_1_55' title='bbox 986 854 987 865; x_wconf 61' lang='lat'>¹</span> 
     </span>
     <span class='ocr_line' id='line_1_8' title="bbox 152 949 944 1025; baseline 0 -19"><span class='ocrx_word' id='word_1_56' title='bbox 152 949 301 1008; x_wconf 82' lang='lat' dir='ltr'><strong>vorborum</strong></span> <span class='ocrx_word' id='word_1_57' title='bbox 322 960 405 1025; x_wconf 83' lang='lat' dir='ltr'><strong>atque</strong></span> <span class='ocrx_word' id='word_1_58' title='bbox 425 950 513 1025; x_wconf 75' lang='lat' dir='ltr'><strong>ipsine</strong></span> <span class='ocrx_word' id='word_1_59' title='bbox 532 950 618 1008; x_wconf 82' lang='lat' dir='ltr'><strong>etiam</strong></span> <span class='ocrx_word' id='word_1_60' title='bbox 636 949 702 1007; x_wconf 81' lang='lat' dir='ltr'><strong>coni</strong></span> <span class='ocrx_word' id='word_1_61' title='bbox 720 949 891 1020; x_wconf 70' lang='lat' dir='ltr'><strong>rusticitate,</strong></span> <span class='ocrx_word' id='word_1_62' title='bbox 913 959 944 1006; x_wconf 91' lang='lat' dir='ltr'><strong>nt</strong></span> 
     </span>
     <span class='ocr_line' id='line_1_9' title="bbox 153 1044 944 1116; baseline -0.003 -12"><span class='ocrx_word' id='word_1_63' title='bbox 153 1045 186 1104; x_wconf 89' lang='lat' dir='ltr'><strong>L.</strong></span> <span class='ocrx_word' id='word_1_64' title='bbox 201 1044 315 1104; x_wconf 82' lang='lat' dir='ltr'><strong>Cottam</strong></span> <span class='ocrx_word' id='word_1_65' title='bbox 328 1046 398 1104; x_wconf 86' lang='lat' dir='ltr'><strong>dicit</strong></span> <span class='ocrx_word' id='word_1_66' title='bbox 418 1046 523 1104; x_wconf 80' lang='lat' dir='ltr'><strong>Cicero</strong></span> <span class='ocrx_word' id='word_1_67' title='bbox 543 1046 654 1116; x_wconf 75' lang='lat' dir='ltr'><strong>sociare,</strong></span> <span class='ocrx_word' id='word_1_68' title='bbox 669 1044 859 1103; x_wconf 85' lang='lat' dir='ltr'><strong>imitationem</strong></span> <span class='ocrx_word' id='word_1_69' title='bbox 873 1044 944 1103; x_wconf 86' lang='lat' dir='ltr'><strong>anti·</strong></span> 
     </span>
     <span class='ocr_line' id='line_1_10' title="bbox 151 1138 989 1219; baseline 0.002 -21"><span class='ocrx_word' id='word_1_70' title='bbox 151 1140 267 1215; x_wconf 77' lang='lat' dir='ltr'><strong>quitatio</strong></span> <span class='ocrx_word' id='word_1_71' title='bbox 294 1142 432 1202; x_wconf 78' lang='lat' dir='ltr'><strong>affectant</strong></span> <span class='ocrx_word' id='word_1_72' title='bbox 482 1144 527 1200; x_wconf 89' lang='lat'><strong>11.</strong></span> <span class='ocrx_word' id='word_1_73' title='bbox 555 1142 664 1200; x_wconf 85' lang='lat' dir='ltr'><strong>Verum</strong></span> <span class='ocrx_word' id='word_1_74' title='bbox 690 1141 733 1198; x_wconf 85' lang='lat' dir='ltr'><strong>illi</strong></span> <span class='ocrx_word' id='word_1_75' title='bbox 757 1141 942 1216; x_wconf 77' lang='lat' dir='ltr'>persuasione</span> <span class='ocrx_word' id='word_1_76' title='bbox 987 1138 989 1219; x_wconf 66' lang='lat' dir='ltr'><strong>i</strong></span> 
     </span>
     <span class='ocr_line' id='line_1_11' title="bbox 151 1226 988 1314; baseline 0.002 -20"><span class='ocrx_word' id='word_1_77' title='bbox 151 1255 204 1296; x_wconf 78' lang='lat' dir='ltr'><strong>aua</strong></span> <span class='ocrx_word' id='word_1_78' title='bbox 217 1238 353 1311; x_wconf 81' lang='lat' dir='ltr'><strong>fruantur,</strong></span> <span class='ocrx_word' id='word_1_79' title='bbox 368 1237 416 1314; x_wconf 87' lang='lat' dir='ltr'><strong>qui</strong></span> <span class='ocrx_word' id='word_1_80' title='bbox 430 1238 602 1308; x_wconf 77' lang='lat' dir='ltr'><strong>homiuibus,</strong></span> <span class='ocrx_word' id='word_1_81' title='bbox 615 1248 648 1296; x_wconf 92' lang='lat' dir='ltr'><strong>ut</strong></span> <span class='ocrx_word' id='word_1_82' title='bbox 659 1237 717 1296; x_wconf 83' lang='lat' dir='ltr'><strong>aint</strong></span> <span class='ocrx_word' id='word_1_83' title='bbox 729 1239 943 1310; x_wconf 78' lang='lat' dir='ltr'><strong>cratorea,eatis</strong></span> <span class='ocrx_word' id='word_1_84' title='bbox 987 1226 988 1269; x_wconf 52' lang='lat'>¹</span> 
     </span>
     <span class='ocr_line' id='line_1_12' title="bbox 150 1334 942 1410; baseline 0.002 -18"><span class='ocrx_word' id='word_1_85' title='bbox 150 1345 252 1410; x_wconf 81' lang='lat' dir='ltr'><strong>putant</strong></span> <span class='ocrx_word' id='word_1_86' title='bbox 264 1336 359 1394; x_wconf 78' lang='lat' dir='ltr'><strong>nacci:</strong></span> <span class='ocrx_word' id='word_1_87' title='bbox 380 1347 477 1394; x_wconf 82' lang='lat' dir='ltr'><strong>nostro</strong></span> <span class='ocrx_word' id='word_1_88' title='bbox 488 1334 580 1404; x_wconf 82' lang='lat' dir='ltr'><strong>labori</strong></span> <span class='ocrx_word' id='word_1_89' title='bbox 592 1334 661 1392; x_wconf 86' lang='lat' dir='ltr'><strong>dent</strong></span> <span class='ocrx_word' id='word_1_90' title='bbox 675 1334 795 1405; x_wconf 84' lang='lat' dir='ltr'><strong>reniam,</strong></span> <span class='ocrx_word' id='word_1_91' title='bbox 805 1334 858 1409; x_wconf 82' lang='lat' dir='ltr'><strong>qui</strong></span> <span class='ocrx_word' id='word_1_92' title='bbox 870 1335 942 1394; x_wconf 84' lang='lat' dir='ltr'><strong>nihil</strong></span> 
     </span>
     <span class='ocr_line' id='line_1_13' title="bbox 152 1427 942 1506; baseline 0.003 -20"><span class='ocrx_word' id='word_1_93' title='bbox 152 1429 294 1488; x_wconf 77' lang='lat' dir='ltr'><strong>credimur</strong></span> <span class='ocrx_word' id='word_1_94' title='bbox 312 1448 375 1488; x_wconf 79' lang='lat' dir='ltr'><strong>erae</strong></span> <span class='ocrx_word' id='word_1_95' title='bbox 400 1430 567 1506; x_wconf 84' lang='lat' dir='ltr'><strong>perfectum,</strong></span> <span class='ocrx_word' id='word_1_96' title='bbox 586 1427 644 1487; x_wconf 79' lang='lat' dir='ltr'><strong>nini</strong></span> <span class='ocrx_word' id='word_1_97' title='bbox 669 1428 719 1486; x_wconf 86' lang='lat' dir='ltr'><strong>ubi</strong></span> <span class='ocrx_word' id='word_1_98' title='bbox 743 1438 848 1486; x_wconf 85' lang='lat' dir='ltr'><strong>natura</strong></span> <span class='ocrx_word' id='word_1_99' title='bbox 874 1448 942 1488; x_wconf 84' lang='lat' dir='ltr'><strong>cura</strong></span> 
     </span>
     <span class='ocr_line' id='line_1_14' title="bbox 154 1523 943 1602; baseline 0.005 -22"><span class='ocrx_word' id='word_1_100' title='bbox 154 1523 274 1600; x_wconf 86' lang='lat' dir='ltr'><strong>juretur.</strong></span> <span class='ocrx_word' id='word_1_101' title='bbox 314 1524 349 1582; x_wconf 88' lang='lat' dir='ltr'><strong>In</strong></span> <span class='ocrx_word' id='word_1_102' title='bbox 369 1525 424 1584; x_wconf 82' lang='lat' dir='ltr'><strong>boc</strong></span> <span class='ocrx_word' id='word_1_103' title='bbox 443 1525 530 1602; x_wconf 80' lang='lat' dir='ltr'><strong>igitur</strong></span> <span class='ocrx_word' id='word_1_104' title='bbox 555 1543 614 1583; x_wconf 88' lang='lat' dir='ltr'><strong>non</strong></span> <span class='ocrx_word' id='word_1_105' title='bbox 640 1525 849 1585; x_wconf 70' lang='lat' dir='ltr'><strong>contumaciter</strong></span> <span class='ocrx_word' id='word_1_106' title='bbox 876 1544 943 1584; x_wconf 91' lang='lat' dir='ltr'><strong>con·</strong></span> 
     </span>
     <span class='ocr_line' id='line_1_15' title="bbox 152 1619 941 1694; baseline 0.003 -18"><span class='ocrx_word' id='word_1_107' title='bbox 152 1619 252 1690; x_wconf 75' lang='lat' dir='ltr'><strong>centio,</strong></span> <span class='ocrx_word' id='word_1_108' title='bbox 278 1619 382 1694; x_wconf 82' lang='lat' dir='ltr'><strong>primae</strong></span> <span class='ocrx_word' id='word_1_109' title='bbox 407 1630 501 1694; x_wconf 80' lang='lat' dir='ltr'><strong>partes</strong></span> <span class='ocrx_word' id='word_1_110' title='bbox 526 1640 588 1680; x_wconf 83' lang='lat' dir='ltr'><strong>ease</strong></span> <span class='ocrx_word' id='word_1_111' title='bbox 613 1630 737 1684; x_wconf 77' lang='lat' dir='ltr'><strong>naturae.</strong></span> <span class='ocrx_word' id='word_1_112' title='bbox 792 1621 837 1679; x_wconf 70' lang='lat'><strong>12.</strong></span> <span class='ocrx_word' id='word_1_113' title='bbox 864 1621 941 1680; x_wconf 82' lang='lat' dir='ltr'><strong>Nam</strong></span> 
     </span>
     <span class='ocr_line' id='line_1_16' title="bbox 151 1715 941 1791; baseline 0.004 -19"><span class='ocrx_word' id='word_1_114' title='bbox 151 1724 229 1772; x_wconf 83' lang='lat' dir='ltr'><strong>certe</strong></span> <span class='ocrx_word' id='word_1_115' title='bbox 255 1715 327 1772; x_wconf 89' lang='lat' dir='ltr'><strong>bene</strong></span> <span class='ocrx_word' id='word_1_116' title='bbox 345 1715 535 1790; x_wconf 85' lang='lat' dir='ltr'><strong>pronunciare</strong></span> <span class='ocrx_word' id='word_1_117' title='bbox 553 1735 612 1775; x_wconf 89' lang='lat' dir='ltr'><strong>non</strong></span> <span class='ocrx_word' id='word_1_118' title='bbox 631 1716 745 1791; x_wconf 81' lang='lat' dir='ltr'><strong>poterit,</strong></span> <span class='ocrx_word' id='word_1_119' title='bbox 765 1716 814 1774; x_wconf 85' lang='lat' dir='ltr'><strong>cui</strong></span> <span class='ocrx_word' id='word_1_120' title='bbox 834 1733 886 1775; x_wconf 86' lang='lat' dir='ltr'><strong>aut</strong></span> <span class='ocrx_word' id='word_1_121' title='bbox 912 1718 941 1775; x_wconf 91' lang='lat' dir='ltr'><strong>in</strong></span> 
     </span>
     <span class='ocr_line' id='line_1_17' title="bbox 148 1807 942 1886; baseline 0.005 -20"><span class='ocrx_word' id='word_1_122' title='bbox 148 1807 262 1883; x_wconf 69' lang='lat' dir='ltr'><strong>scriptis</strong></span> <span class='ocrx_word' id='word_1_123' title='bbox 282 1809 426 1881; x_wconf 86' lang='lat' dir='ltr'><strong>memoria,</strong></span> <span class='ocrx_word' id='word_1_124' title='bbox 441 1821 489 1868; x_wconf 87' lang='lat' dir='ltr'><strong>aut</strong></span> <span class='ocrx_word' id='word_1_125' title='bbox 509 1811 540 1868; x_wconf 90' lang='lat' dir='ltr'><strong>in</strong></span> <span class='ocrx_word' id='word_1_126' title='bbox 559 1812 605 1882; x_wconf 84' lang='lat' dir='ltr'><strong>iia,</strong></span> <span class='ocrx_word' id='word_1_127' title='bbox 617 1830 681 1886; x_wconf 83' lang='lat' dir='ltr'><strong>qun</strong></span> <span class='ocrx_word' id='word_1_128' title='bbox 702 1811 798 1869; x_wconf 78' lang='lat' dir='ltr'><strong>subito</strong></span> <span class='ocrx_word' id='word_1_129' title='bbox 817 1812 942 1872; x_wconf 86' lang='lat' dir='ltr'><strong>dicenda</strong></span> 
     </span>
     <span class='ocr_line' id='line_1_18' title="bbox 150 1905 989 1981; baseline 0.005 -17"><span class='ocrx_word' id='word_1_130' title='bbox 150 1915 243 1972; x_wconf 83' lang='lat' dir='ltr'><strong>erunt,</strong></span> <span class='ocrx_word' id='word_1_131' title='bbox 264 1905 383 1964; x_wconf 76' lang='lat' dir='ltr'><strong>facilitas</strong></span> <span class='ocrx_word' id='word_1_132' title='bbox 402 1917 512 1981; x_wconf 89' lang='lat' dir='ltr'><strong>promta</strong></span> <span class='ocrx_word' id='word_1_133' title='bbox 530 1908 669 1966; x_wconf 85' lang='lat' dir='ltr'><strong>defuerit:</strong></span> <span class='ocrx_word' id='word_1_134' title='bbox 695 1926 751 1965; x_wconf 88' lang='lat' dir='ltr'><strong>nec</strong></span> <span class='ocrx_word' id='word_1_135' title='bbox 769 1908 795 1966; x_wconf 82' lang='lat' dir='ltr'><strong>ai</strong></span> <span class='ocrx_word' id='word_1_136' title='bbox 815 1908 942 1968; x_wconf 90' lang='lat' dir='ltr'><strong>inemen-</strong></span> <span class='ocrx_word' id='word_1_137' title='bbox 988 1974 989 1981; x_wconf 42' lang='lat'><strong>,</strong></span> 
     </span>
     <span class='ocr_line' id='line_1_19' title="bbox 149 2000 941 2081; baseline 0.006 -23"><span class='ocrx_word' id='word_1_138' title='bbox 149 2000 255 2060; x_wconf 78' lang='lat' dir='ltr'><strong>debilia</strong></span> <span class='ocrx_word' id='word_1_139' title='bbox 287 2002 344 2062; x_wconf 79' lang='lat' dir='ltr'><strong>orii</strong></span> <span class='ocrx_word' id='word_1_140' title='bbox 375 2002 555 2063; x_wconf 86' lang='lat' dir='ltr'><strong>incommoda</strong></span> <span class='ocrx_word' id='word_1_141' title='bbox 586 2004 748 2062; x_wconf 80' lang='lat' dir='ltr'><strong>obstabunt.</strong></span> <span class='ocrx_word' id='word_1_142' title='bbox 804 2004 941 2081; x_wconf 74' lang='lat' dir='ltr'><strong>Corporis</strong></span> 
     </span>
     <span class='ocr_line' id='line_1_20' title="bbox 148 2097 941 2175; baseline 0.003 -19"><span class='ocrx_word' id='word_1_143' title='bbox 148 2097 234 2158; x_wconf 84' lang='lat' dir='ltr'><strong>etiam</strong></span> <span class='ocrx_word' id='word_1_144' title='bbox 247 2109 338 2175; x_wconf 81' lang='lat' dir='ltr'><strong>potest</strong></span> <span class='ocrx_word' id='word_1_145' title='bbox 351 2115 412 2156; x_wconf 81' lang='lat' dir='ltr'><strong>esre</strong></span> <span class='ocrx_word' id='word_1_146' title='bbox 426 2098 519 2174; x_wconf 84' lang='lat' dir='ltr'><strong>aliqua</strong></span> <span class='ocrx_word' id='word_1_147' title='bbox 530 2110 609 2157; x_wconf 89' lang='lat' dir='ltr'><strong>tanta</strong></span> <span class='ocrx_word' id='word_1_148' title='bbox 621 2099 795 2172; x_wconf 71' lang='lat' dir='ltr'><strong>deformitas,</strong></span> <span class='ocrx_word' id='word_1_149' title='bbox 809 2111 842 2163; x_wconf 89' lang='lat' dir='ltr'><strong>ut</strong></span> <span class='ocrx_word' id='word_1_150' title='bbox 860 2101 941 2158; x_wconf 82' lang='lat' dir='ltr'><strong>nulla</strong></span> 
     </span>
     <span class='ocr_line' id='line_1_21' title="bbox 151 2195 939 2270; baseline 0.006 -18"><span class='ocrx_word' id='word_1_151' title='bbox 151 2205 209 2254; x_wconf 86' lang='lat' dir='ltr'><strong>arte</strong></span> <span class='ocrx_word' id='word_1_152' title='bbox 236 2195 371 2256; x_wconf 84' lang='lat' dir='ltr'><strong>vincatur.</strong></span> <span class='ocrx_word' id='word_1_153' title='bbox 422 2195 465 2252; x_wconf 81' lang='lat'><strong>13.</strong></span> <span class='ocrx_word' id='word_1_154' title='bbox 487 2196 546 2253; x_wconf 85' lang='lat' dir='ltr'><strong>Sed</strong></span> <span class='ocrx_word' id='word_1_155' title='bbox 571 2213 608 2252; x_wconf 92' lang='lat' dir='ltr'><strong>ne</strong></span> <span class='ocrx_word' id='word_1_156' title='bbox 634 2214 689 2252; x_wconf 82' lang='lat' dir='ltr'><strong>vox</strong></span> <span class='ocrx_word' id='word_1_157' title='bbox 714 2195 831 2270; x_wconf 88' lang='lat' dir='ltr'><strong>quidem</strong></span> <span class='ocrx_word' id='word_1_158' title='bbox 857 2198 939 2256; x_wconf 82' lang='lat' dir='ltr'><strong>exilia</strong></span> 
     </span>
     <span class='ocr_line' id='line_1_22' title="bbox 148 2290 938 2367; baseline 0.005 -19"><span class='ocrx_word' id='word_1_159' title='bbox 148 2291 292 2350; x_wconf 76' lang='lat' dir='ltr'><strong>actimrem</strong></span> <span class='ocrx_word' id='word_1_160' title='bbox 318 2290 420 2350; x_wconf 84' lang='lat' dir='ltr'><strong>habere</strong></span> <span class='ocrx_word' id='word_1_161' title='bbox 445 2291 581 2367; x_wconf 83' lang='lat' dir='ltr'><strong>optimam</strong></span> <span class='ocrx_word' id='word_1_162' title='bbox 605 2301 705 2366; x_wconf 81' lang='lat' dir='ltr'><strong>potest.</strong></span> <span class='ocrx_word' id='word_1_163' title='bbox 751 2292 836 2352; x_wconf 87' lang='lat' dir='ltr'><strong>Bona</strong></span> <span class='ocrx_word' id='word_1_164' title='bbox 861 2294 938 2352; x_wconf 86' lang='lat' dir='ltr'><strong>enim</strong></span> 
     </span>
     <span class='ocr_line' id='line_1_23' title="bbox 148 2385 939 2460; baseline 0.005 -16"><span class='ocrx_word' id='word_1_165' title='bbox 148 2385 283 2460; x_wconf 82' lang='lat' dir='ltr'><strong>firmaque</strong></span> <span class='ocrx_word' id='word_1_166' title='bbox 296 2396 327 2444; x_wconf 90' lang='lat' dir='ltr'><strong>ut</strong></span> <span class='ocrx_word' id='word_1_167' title='bbox 340 2387 469 2446; x_wconf 84' lang='lat' dir='ltr'><strong>volumus</strong></span> <span class='ocrx_word' id='word_1_168' title='bbox 482 2388 524 2446; x_wconf 87' lang='lat' dir='ltr'><strong>uti</strong></span> <span class='ocrx_word' id='word_1_169' title='bbox 537 2387 620 2446; x_wconf 89' lang='lat' dir='ltr'><strong>licet:</strong></span> <span class='ocrx_word' id='word_1_170' title='bbox 640 2388 717 2446; x_wconf 81' lang='lat' dir='ltr'><strong>male</strong></span> <span class='ocrx_word' id='word_1_171' title='bbox 728 2387 772 2446; x_wconf 85' lang='lat' dir='ltr'><strong>rel</strong></span> <span class='ocrx_word' id='word_1_172' title='bbox 793 2388 939 2450; x_wconf 85' lang='lat' dir='ltr'><strong>imbecilla</strong></span> 
     </span>
     <span class='ocr_line' id='line_1_24' title="bbox 146 2481 938 2560; baseline 0.011 -22"><span class='ocrx_word' id='word_1_173' title='bbox 146 2491 177 2539; x_wconf 85' lang='lat' dir='ltr'><strong>et</strong></span> <span class='ocrx_word' id='word_1_174' title='bbox 196 2481 303 2540; x_wconf 86' lang='lat' dir='ltr'><strong>inhibet</strong></span> <span class='ocrx_word' id='word_1_175' title='bbox 323 2483 419 2556; x_wconf 83' lang='lat' dir='ltr'><strong>multa,</strong></span> <span class='ocrx_word' id='word_1_176' title='bbox 440 2493 472 2542; x_wconf 89' lang='lat' dir='ltr'><strong>ut</strong></span> <span class='ocrx_word' id='word_1_177' title='bbox 491 2484 638 2560; x_wconf 76' lang='lat' dir='ltr'><strong>insurgere</strong></span> <span class='ocrx_word' id='word_1_178' title='bbox 656 2496 686 2542; x_wconf 88' lang='lat' dir='ltr'><strong>et</strong></span> <span class='ocrx_word' id='word_1_179' title='bbox 704 2485 885 2558; x_wconf 76' lang='lat' dir='ltr'><strong>exclamare3</strong></span> <span class='ocrx_word' id='word_1_180' title='bbox 910 2498 938 2546; x_wconf 88' lang='lat' dir='ltr'><strong>et</strong></span> 
     </span>
     <span class='ocr_line' id='line_1_25' title="bbox 148 2577 936 2656; baseline 0.01 -22"><span class='ocrx_word' id='word_1_181' title='bbox 148 2577 241 2652; x_wconf 68' lang='lat' dir='ltr'><strong>aliqua</strong></span> <span class='ocrx_word' id='word_1_182' title='bbox 253 2579 340 2656; x_wconf 79' lang='lat' dir='ltr'><strong>cogit,</strong></span> <span class='ocrx_word' id='word_1_183' title='bbox 354 2590 386 2638; x_wconf 90' lang='lat' dir='ltr'><strong>nt</strong></span> <span class='ocrx_word' id='word_1_184' title='bbox 400 2579 584 2638; x_wconf 75' lang='lat' dir='ltr'><strong>intermittere</strong></span> <span class='ocrx_word' id='word_1_185' title='bbox 596 2591 625 2638; x_wconf 88' lang='lat' dir='ltr'><strong>et</strong></span> <span class='ocrx_word' id='word_1_186' title='bbox 638 2580 800 2654; x_wconf 82' lang='lat' dir='ltr'><strong>deflectere,</strong></span> <span class='ocrx_word' id='word_1_187' title='bbox 814 2593 845 2640; x_wconf 87' lang='lat' dir='ltr'><strong>et</strong></span> <span class='ocrx_word' id='word_1_188' title='bbox 858 2602 936 2642; x_wconf 76' lang='lat' dir='ltr'><strong>rasae</strong></span> 
     </span>
     <span class='ocr_line' id='line_1_26' title="bbox 147 2673 935 2752; baseline 0.008 -20"><span class='ocrx_word' id='word_1_189' title='bbox 147 2673 243 2732; x_wconf 84' lang='lat' dir='ltr'><strong>fauces</strong></span> <span class='ocrx_word' id='word_1_190' title='bbox 257 2694 291 2734; x_wconf 85' lang='lat' dir='ltr'><strong>ac</strong></span> <span class='ocrx_word' id='word_1_191' title='bbox 303 2675 377 2734; x_wconf 82' lang='lat' dir='ltr'><strong>latus</strong></span> <span class='ocrx_word' id='word_1_192' title='bbox 391 2675 538 2752; x_wconf 82' lang='lat' dir='ltr'><strong>fatigatum</strong></span> <span class='ocrx_word' id='word_1_193' title='bbox 550 2676 669 2736; x_wconf 81' lang='lat' dir='ltr'><strong>deformi</strong></span> <span class='ocrx_word' id='word_1_194' title='bbox 682 2677 796 2736; x_wconf 86' lang='lat' dir='ltr'><strong>cantico</strong></span> <span class='ocrx_word' id='word_1_195' title='bbox 809 2680 935 2740; x_wconf 85' lang='lat' dir='ltr'><strong>reficere</strong></span> 
     </span>
     <span class='ocr_line' id='line_1_27' title="bbox 144 2769 937 2846; baseline 0.01 -20"><span class='ocrx_word' id='word_1_196' title='bbox 144 2769 204 2842; x_wconf 70' lang='lat' dir='ltr'><strong>aed</strong></span> <span class='ocrx_word' id='word_1_197' title='bbox 229 2789 282 2828; x_wconf 85' lang='lat' dir='ltr'><strong>noa</strong></span> <span class='ocrx_word' id='word_1_198' title='bbox 302 2771 337 2830; x_wconf 86' lang='lat' dir='ltr'><strong>dc</strong></span> <span class='ocrx_word' id='word_1_199' title='bbox 357 2789 392 2830; x_wconf 87' lang='lat' dir='ltr'><strong>eo</strong></span> <span class='ocrx_word' id='word_1_200' title='bbox 410 2790 487 2830; x_wconf 87' lang='lat' dir='ltr'><strong>nunc</strong></span> <span class='ocrx_word' id='word_1_201' title='bbox 507 2771 665 2846; x_wconf 88' lang='lat' dir='ltr'><strong>loquamur,</strong></span> <span class='ocrx_word' id='word_1_202' title='bbox 685 2773 734 2832; x_wconf 88' lang='lat' dir='ltr'><strong>cui</strong></span> <span class='ocrx_word' id='word_1_203' title='bbox 753 2793 812 2832; x_wconf 92' lang='lat' dir='ltr'><strong>non</strong></span> <span class='ocrx_word' id='word_1_204' title='bbox 834 2776 937 2837; x_wconf 77' lang='lat' dir='ltr'><strong>frustra</strong></span> 
     </span>
     <span class='ocr_line' id='line_1_28' title="bbox 146 2865 316 2942; baseline 0.012 -20"><span class='ocrx_word' id='word_1_205' title='bbox 146 2865 316 2942; x_wconf 80' lang='lat' dir='ltr'><strong>praecipitur.</strong></span> 
     </span>
    </p>

    <p class='ocr_par' dir='ltr' id='par_1_3' title="bbox 185 2961 936 3040">
     <span class='ocr_line' id='line_1_29' title="bbox 185 2961 936 3040; baseline 0.013 -20"><span class='ocrx_word' id='word_1_206' title='bbox 185 2961 230 3022; x_wconf 62' lang='lat' dir='ltr'><strong>lt</strong></span> <span class='ocrx_word' id='word_1_207' title='bbox 257 2961 589 3025; x_wconf 65' lang='lat' dir='ltr'><strong>omnitenentem</strong></span> <span class='ocrx_word' id='word_1_208' title='bbox 601 2964 936 3040; x_wconf 52' lang='lat' dir='ltr'><strong>autumantium</strong></span> 
     </span>
    </p>
   </div>
   <div class='ocr_carea' id='block_1_3' title="bbox 0 0 996 3342">
    <p class='ocr_par' dir='ltr' id='par_1_4' title="bbox 0 0 996 3342">
     <span class='ocr_line' id='line_1_30' title="bbox 0 0 996 3342; baseline 0 1"><span class='ocrx_word' id='word_1_209' title='bbox 0 0 996 3342; x_wconf 95' lang='lat' dir='ltr'><strong> </strong></span> 
     </span>
    </p>
   </div>
  </div>
 </body>
</html>
