1984 3342
230 191 312 238 rusa.
332 191 470 240 ουτω.
489 191 552 240 uta.
572 192 616 238 ru.
637 193 656 237 1.
803 181 844 240 tn

44 338 198 414 patrocinii
217 341 312 418 'cogit
344 341 474 418 quodam
509 341 546 402 de
577 342 713 400 universo
738 355 844 418 genere

46 436 205 512 aliquorum
219 438 368 498 hominum
388 439 496 512 dicere,
511 439 555 498 vel
575 439 785 510 libertinorum,
798 435 844 496 vel

45 534 178 606 militum,
193 536 237 594 vcl
257 537 487 611 publicanorum,
501 537 546 594 vei
560 537 692 596 similiter
706 536 844 594 aliorum:

45 631 91 690 87.
116 632 146 690 in
167 633 271 708 quibus
290 634 424 692 omnibus
451 653 607 692 commune
619 633 779 692 remedium
791 642 845 704 eat,

37 740 77 792 ut
91 748 137 800 en,
153 748 215 805 quae
230 730 346 802 laedunt,
360 749 420 789 non
434 731 557 790 libenter
570 742 694 790 tractare
707 730 845 800 vidente

44 845 101 884 nec
123 827 152 884 in
167 827 264 886 omnia
278 827 415 904 impetum
429 828 528 900 faciae,
542 829 594 887 aed
607 828 638 886 in
651 828 691 898 id,
706 827 783 903 quod
799 846 848 885 cx·

44 923 232 1000 pugnandum
246 935 307 994 eut3
328 935 358 982 et
371 925 659 1000 remchendencourt
671 925 755 984 lande
769 943 848 982 com·

44 1039 178 1097 petraea,
199 1021 246 1080 88.
269 1021 320 1080 Sic
341 1023 461 1098 cupidos
481 1022 587 1081 milites
607 1023 697 1093 dicas,
717 1021 769 1079 sed
788 1041 847 1080 nori

45 1118 161 1190 mirum,
171 1119 248 1194 quod
260 1119 453 1196 periculonum
462 1139 498 1178 ac
510 1119 658 1196 sanguinis
671 1118 780 1194 majora
792 1117 849 1176 ribi

45 1216 145 1274 deberi
159 1217 276 1292 praemia
288 1226 407 1292 putent:
422 1217 538 1275 eosdem
549 1217 719 1292 petulantes,
727 1215 779 1272 aed
793 1215 849 1272 hoc

45 1312 118 1382 fieri,
141 1314 218 1388 quod
238 1314 320 1372 bellis
339 1313 441 1390 magis,
462 1332 548 1389 quam
567 1313 643 1388 paci,
665 1312 848 1370 assueverint

45 1410 205 1470 Libertinis
219 1410 394 1468 detrahenda
407 1421 450 1468 est
465 1410 636 1468 auctoritas:
657 1410 726 1467 licet
745 1409 782 1466 iia
794 1419 850 1467 tca-

46 1508 201 1568 timonium
214 1508 334 1566 reddere
347 1509 504 1580 industrie,
515 1527 565 1584 per
579 1525 665 1583 quarn
678 1507 800 1565 exierint
812 1506 850 1564 de

45 1602 193 1662 servitute.
233 1603 281 1662 89.
302 1603 393 1664 Quod
421 1603 456 1660 ad
483 1603 615 1661 nationes
634 1613 746 1662 exteras
764 1602 851 1678 perti·

45 1713 106 1774 net,
129 1703 235 1761 Cicero
261 1703 354 1761 varie:
382 1703 564 1762 detracturus
592 1703 704 1760 Grecis
729 1703 851 1762 testibus

45 1801 146 1872 tidem,
167 1800 328 1858 doctrinam
355 1799 391 1858 iis
414 1800 549 1858 concedit
569 1819 604 1858 oc
623 1801 742 1870 litteras,
762 1819 851 1876 seque

45 1899 111 1974 ejus
146 1898 240 1974 gentis
268 1908 424 1956 amatorem
450 1917 514 1956 esae
540 1898 706 1973 profitetnr;
741 1897 851 1955 Sardos

45 1995 224 2066 contemnit;
247 1995 420 2070 Allobrogas
431 2005 463 2052 ut
477 1995 573 2052 hostes
586 1995 761 2052 insectatur:
782 2013 852 2070 quo·

44 2112 112 2150 rurn
127 2093 295 2164 nihilium,
311 2111 376 2150 curn
398 2092 551 2162 diceretur,
564 2110 665 2166 parurn
680 2103 787 2166 aptum,
802 2101 852 2149 ant

44 2201 193 2248 remotum
208 2209 277 2248 cura
290 2190 403 2247 decoris
417 2189 479 2248 snit.
519 2187 567 2246 90.
589 2188 749 2246 Verborum
764 2187 851 2245 etiam

44 2287 250 2347 moderatione
264 2287 375 2344 detrahi
389 2287 470 2358 solet,
485 2286 510 2343 si
529 2304 585 2361 qua
606 2294 650 2342 est
669 2284 711 2342 rei
732 2284 850 2356 invidia,

42 2385 72 2444 si
96 2403 227 2460 asperum
247 2385 327 2442 dicas
347 2383 463 2441 nimium
482 2401 615 2453 seuerum,
635 2381 772 2457 irry'ustum
786 2401 853 2459 per·

42 2483 183 2541 suasione
204 2481 273 2552 lact,
292 2481 464 2558 pertinacem
491 2481 566 2537 ultra
592 2478 710 2536 modum
730 2487 853 2537 terrorem

42 2600 109 2641 esse
134 2579 292 2658 propositi:
325 2579 493 2654 plerumque
526 2576 604 2636 velut
636 2576 713 2652 ipsos
739 2576 854 2634 coneris

41 2678 165 2738 ratione
180 2673 304 2750 vincere,
319 2675 396 2752 quod
409 2685 452 2734 est
466 2674 674 2732 mollissimum.

92 2776 142 2832 91.
171 2773 345 2832 Indaeorum
358 2783 401 2830 est
422 2789 506 2848 super
526 2771 588 2829 hec
609 2788 694 2829 omne
713 2769 851 2828 nimium:

42 2875 180 2946 ideoque
200 2870 286 2928 etiam
307 2869 381 2946 quod
404 2881 505 2927 natura
524 2868 567 2925 rei
588 2868 656 2924 satis
677 2876 773 2942 aptum
799 2873 853 2934 eat,

40 2969 114 3032 nini
139 2967 227 3028 modo
253 2983 367 3044 quoquc
392 2973 577 3042 temperatur,
602 2962 724 3040 gratiam
749 2957 852 3036 perdit.

294 3063 314 3120 9
