1984 3342
219 257 303 304 insu.
324 257 463 305 cannen.
485 257 547 304 nin.
570 257 601 305 x.
622 259 641 305 r.
789 245 829 306 37

42 407 196 467 elocutione
210 408 373 484 respiceret.
417 409 481 466 121.
503 407 640 466 Ceterum
655 406 830 482 interceptus

42 523 149 582 quoque
167 525 303 582 magnum
331 505 386 562 sibi
414 505 540 563 vindicat
568 507 673 564 locum.
716 504 761 562 Ea
787 513 831 562 est

41 602 175 673 facundia,
190 612 269 660 tanta
289 602 319 659 in
340 602 518 678 explicando,
534 601 609 677 quod
629 602 706 672 velit,
721 602 829 679 gratia:

40 709 94 756 tam
121 699 272 756 candidum
299 709 328 786 et
360 699 425 756 lene
458 709 486 756 et
520 699 680 774 speciosum
715 697 830 755 dicendi

40 815 140 874 genus:
161 805 238 853 tanta
252 797 412 867 verborum,
432 797 517 853 etiarn
539 815 603 870 quac
618 805 742 854 assumta
755 805 830 865 sunt,

42 893 205 969 proprietas:
228 893 347 950 tantuin
360 893 529 968 quibusdum
544 911 579 949 ex
591 892 721 969 periculo
734 892 832 968 petitis

41 989 234 1066 significantia.
278 991 343 1048 122.
367 990 523 1047 Habebunt
550 991 599 1065 qui
625 1001 689 1067 post
715 1009 769 1047 nos
795 988 832 1046 de

40 1086 196 1143 oratoribus
209 1087 345 1158 scribent,
354 1105 486 1163 magnam
497 1105 555 1154 eos,
567 1087 616 1161 qui
630 1107 710 1143 nunc
723 1087 830 1163 vigent,

39 1186 182 1243 materiam
209 1205 275 1244 vere
301 1185 445 1243 laudandi.
501 1188 581 1243 Sunt*
610 1186 687 1243 enirn
721 1203 833 1242 summa

39 1283 131 1353 hodie,
152 1283 256 1357 quibus
276 1283 431 1340 illustratur
452 1283 555 1350 forum,
577 1282 701 1358 ingenia.
743 1279 833 1337 Narn-

39 1398 93 1454 que
114 1390 142 1437 et
162 1380 350 1436 consummati
372 1380 431 1456 jam
450 1378 563 1454 patroni
584 1377 727 1435 veteribus
748 1396 833 1434 aemu-

37 1477 138 1548 iuntur,
154 1487 182 1533 et
195 1493 245 1532 eos
256 1476 392 1551 juvenum
409 1475 443 1532 ad
457 1475 565 1550 optima
577 1474 756 1532 tendentium
771 1473 834 1530 imi·

38 1583 112 1630 tetur
127 1591 160 1630 ac
174 1573 302 1647 sequitur
317 1573 464 1629 industrie.

45 1691 48 1696 ·
76 1669 140 1727 123.
169 1670 337 1744 Supersunt,
352 1669 401 1742 qni
415 1669 451 1725 de
463 1667 644 1744 pbilosophis
657 1667 832 1744 scripserint,

36 1785 92 1842 quo
112 1767 142 1824 in
163 1784 268 1843 genere
289 1765 476 1841 paucissimos
499 1766 592 1822 adhuc
609 1765 775 1840 eloquentes
788 1766 835 1822 lit·

36 1873 101 1921 terat
116 1863 258 1920 Romanae
271 1862 405 1919 tulerunt..
446 1859 527 1919 Idem
541 1861 684 1938 igiturM.
710 1862 834 1933 Tullius,

36 1959 83 2036 qui
97 1960 217 2034 ubique,
232 1959 317 2030 etiam
333 1958 362 2015 in
383 1959 439 2015 boc
460 1977 546 2033 opere
566 1957 694 2015 Platonis
714 1958 834 2016 aemulus

36 2056 151 2114 exstitit.
195 2055 336 2132 Egregius
350 2073 427 2126 vero,
438 2055 595 2129 multoque,
608 2073 691 2130 qnam
706 2055 736 2111 in
751 2055 835 2111 oreti-

36 2153 149 2224 onibus,
170 2152 348 2228 praestantior
368 2151 492 2221 Brutus,
514 2151 626 2208 suffecit
652 2150 770 2227 ponderi
791 2169 835 2208 re·

35 2267 114 2307 rum:
134 2249 212 2306 scias
225 2267 291 2306 eum
302 2248 417 2320 sentire,
427 2267 490 2322 quae
505 2248 582 2304 dicit.
626 2247 690 2304 124.
713 2246 834 2322 Scripsit

35 2363 90 2403 non
104 2364 209 2422 parurn
224 2345 314 2403 multa
336 2343 482 2402 Oornelius
499 2343 608 2415 Celsus,
623 2343 733 2401 Sextios
753 2362 834 2401 secu·

34 2453 87 2515 tus,
99 2463 164 2502 non
175 2445 238 2501 sine
252 2444 332 2501 cultu
347 2463 381 2500 ac
395 2443 495 2501 nitore.
537 2442 668 2500 Plancus
683 2443 712 2500 in
728 2443 834 2502 Stoicis

34 2557 131 2600 rerum
148 2541 314 2618 cognitione
328 2540 415 2598 utilis.
456 2539 492 2598 In
512 2539 665 2617 Epicureis
684 2540 754 2599 levis
773 2541 835 2615 qui·

34 2637 108 2710 dem,
119 2637 174 2696 sed
183 2655 240 2694 non
256 2636 427 2714 injucundus
441 2647 537 2695 tamen
552 2646 650 2694 auctor
664 2647 708 2695 est
722 2635 833 2696 Gaius.

35 2732 99 2790 125.
123 2731 174 2789 Ex
193 2731 332 2789 industria
352 2731 484 2789 Senecam
505 2731 535 2788 in
554 2731 633 2788 omni
653 2749 758 2808 genere
778 2731 835 2789 elo·

33 2832 164 2904 quentiae
191 2831 297 2902 distuli,
317 2841 432 2906 propter
459 2831 603 2906 vulgatam
629 2830 700 2888 falso
726 2830 763 2886 de
788 2845 835 2884 me

32 2929 215 3003 opinionem,
237 2929 304 3004 quia
324 2928 458 2986 damnare
478 2945 556 2999 eum,
576 2939 606 2985 et
625 2926 747 2983 invisum
767 2940 834 2995 quo·

31 3042 86 3098 qne
108 3025 223 3084 habere
243 3043 308 3082 eum
329 3023 464 3082 creditus.
503 3021 593 3082 Quod
620 3019 727 3076 eccidit
752 3014 832 3082 mibi,

275 3119 295 3176 4
